
@article{lee2012mathematical,
  title={A mathematical model of human papillomavirus (HPV) in the United States and its impact on cervical cancer},
  author={Lee, Shernita L and Tameru, Ana M},
  journal={Journal of Cancer},
  volume={3},
  pages={262},
  year={2012},
  publisher={Ivyspring International Publisher}
}
@article{chitnis2006bifurcation,
  title={Bifurcation analysis of a mathematical model for malaria transmission},
  author={Chitnis, Nakul and Cushing, Jim M and Hyman, JM},
  journal={SIAM Journal on Applied Mathematics},
  volume={67},
  number={1},
  pages={24--45},
  year={2006},
  publisher={SIAM}
}
@article{chen2021age,
  title={Age-Stratified COVID-19 Spread Analysis and Vaccination: A Multitype Random Network Approach},
  author={Chen, Xianhao and Zhu, Guangyu and Zhang, Lan and Fang, Yuguang and Guo, Linke and Chen, Xinguang},
  journal={IEEE Transactions on Network Science and Engineering},
  year={2021},
  publisher={IEEE}
}

@article{fair2021population,
  title={Population behavioural dynamics can mediate the persistence of emerging infectious diseases},
  author={Fair, Kathyrn R and Karatayev, Vadim A and Anand, Madhur and Bauch, Chris},
  journal={medRxiv},
  year={2021},
  publisher={Cold Spring Harbor Laboratory Press}
}
@article{hogan2021within,
  title={Within-country age-based prioritisation, global allocation, and public health impact of a vaccine against SARS-CoV-2: a mathematical modelling analysis},
  author={Hogan, Alexandra B and Winskill, Peter and Watson, Oliver J and Walker, Patrick GT and Whittaker, Charles and Baguelin, Marc and Brazeau, Nicholas F and Charles, Giovanni D and Gaythorpe, Katy AM and Hamlet, Arran and others},
  journal={Vaccine},
  year={2021},
  publisher={Elsevier}
}
@article{perrakis2014modeling,
  title={Modeling wildfire spread in mountain pine beetle-affected forest stands, British Columbia, Canada},
  author={Perrakis, Daniel DB and Lanoville, Rick A and Taylor, Stephen W and Hicks, Dana},
  journal={Fire Ecology},
  volume={10},
  number={2},
  pages={10--35},
  year={2014},
  publisher={SpringerOpen}
}
@article{loehman2017interactions,
  title={Interactions of landscape disturbances and climate change dictate ecological pattern and process: spatial modeling of wildfire, insect, and disease dynamics under future climates},
  author={Loehman, Rachel A and Keane, Robert E and Holsinger, Lisa M and Wu, Zhiwei},
  journal={Landscape Ecology},
  volume={32},
  number={7},
  pages={1447--1459},
  year={2017},
  publisher={Springer}
}

@article{caldwell2013simulated,
  title={Simulated impacts of mountain pine beetle and wildfire disturbances on forest vegetation composition and carbon stocks in the Southern Rocky Mountains},
  author={Caldwell, Megan K and Hawbaker, Todd J and Briggs, Jenny S and Cigan, PW and Stitt, Susan},
  journal={Biogeosciences},
  volume={10},
  number={12},
  pages={8203--8222},
  year={2013},
  publisher={Copernicus GmbH}
}
@article{ager2007modeling,
  title={Modeling the effects of thinning on bark beetle impacts and wildfire potential in the Blue Mountains of eastern Oregon},
  author={Ager, Alan A and McMahan, Andrew and Hayes, Jane L and Smith, Eric L},
  journal={Landscape and Urban Planning},
  volume={80},
  number={3},
  pages={301--311},
  year={2007},
  publisher={Elsevier}
}

@inproceedings{siegert2007resurrected,
  title={Resurrected from the ashes: a historical reconstruction of emerald ash borer dynamics through dendrochronological analysis},
  author={Siegert, Nathan W and McCullough, Deborah G and Liebhold, Andrew M and Telewski, Frank W},
  booktitle={In: Mastro, Victor; Lance, David; Reardon, Richard; Parra, Gregory, comps. Emerald ash borer and Asian longhorhed beetle research and development review meeting; 2006 October 29-November 2; Cincinnatti, OH. FHTET 2007-04. Morgantown, WV: US Forest Service, Forest Health Technology Enterprise Team: 18-19.},
  year={2007}
}

@article{schwarzinger2021covid,
  title={COVID-19 vaccine hesitancy in a representative working-age population in France: a survey experiment based on vaccine characteristics},
  author={Schwarzinger, Micha{\"e}l and Watson, Verity and Arwidson, Pierre and Alla, Fran{\c{c}}ois and Luchini, St{\'e}phane},
  journal={The Lancet Public Health},
  volume={6},
  number={4},
  pages={e210--e221},
  year={2021},
  publisher={Elsevier}
}
@article{soares2021factors,
  title={Factors associated with COVID-19 vaccine hesitancy},
  author={Soares, Patricia and Rocha, Jo{\~a}o Victor and Moniz, Marta and Gama, Ana and Laires, Pedro Almeida and Pedro, Ana Rita and Dias, S{\'o}nia and Leite, Andreia and Nunes, Carla},
  journal={Vaccines},
  volume={9},
  number={3},
  pages={300},
  year={2021},
  publisher={Multidisciplinary Digital Publishing Institute}
}
@article{callaghan2020correlates,
  title={Correlates and disparities of COVID-19 vaccine hesitancy},
  author={Callaghan, Timothy and Moghtaderi, Ali and Lueck, Jennifer A and Hotez, Peter J and Strych, Ulrich and Dor, Avi and Franklin Fowler, Erika and Motta, Matt},
  journal={Available at SSRN 3667971},
  year={2020}
}
