@article{li1996effects,
  title={Effects of contagious disturbance on forest temporal dynamics},
  author={Li, Chao and Apps, Michael J},
  journal={Ecological Modelling},
  volume={87},
  number={1-3},
  pages={143--151},
  year={1996},
  publisher={Elsevier}
}
@article{bauch2012evolutionary,
  title={Evolutionary game theory and social learning can determine how vaccine scares unfold},
  author={Bauch, Chris T and Bhattacharyya, Samit},
  journal={PLoS Comput Biol},
  volume={8},
  number={4},
  pages={e1002452},
  year={2012},
  publisher={Public Library of Science}
}

@book{hofbauer1998evolutionary,
  title={Evolutionary games and population dynamics},
  author={Hofbauer, Josef and Sigmund, Karl and others},
  year={1998},
  publisher={Cambridge university press}
}
@article{bauch2004vaccination,
  title={Vaccination and the theory of games},
  author={Bauch, Chris T and Earn, David JD},
  journal={Proceedings of the National Academy of Sciences},
  volume={101},
  number={36},
  pages={13391--13394},
  year={2004},
  publisher={National Acad Sciences}
}
@article{bauch2005imitation,
  title={Imitation dynamics predict vaccinating behaviour},
  author={Bauch, Chris T},
  journal={Proceedings of the Royal Society B: Biological Sciences},
  volume={272},
  number={1573},
  pages={1669--1675},
  year={2005},
  publisher={The Royal Society London}
}


@article{ferguson2020report,
  title={Report 9: Impact of non-pharmaceutical interventions (NPIs) to reduce COVID19 mortality and healthcare demand},
  author={Ferguson, Neil and Laydon, Daniel and Nedjati Gilani, Gemma and Imai, Natsuko and Ainslie, Kylie and Baguelin, Marc and Bhatia, Sangeeta and Boonyasiri, Adhiratha and Cucunuba Perez, ZULMA and Cuomo-Dannenburg, Gina and others},
  year={2020}
}
@article{kermack1927contribution,
  title={A contribution to the mathematical theory of epidemics},
  author={Kermack, William Ogilvy and McKendrick, Anderson G},
  journal={Proceedings of the royal society of london. Series A, Containing papers of a mathematical and physical character},
  volume={115},
  number={772},
  pages={700--721},
  year={1927},
  publisher={The Royal Society London}
}
@article{thompson2020epidemiological,
  title={Epidemiological models are important tools for guiding COVID-19 interventions},
  author={Thompson, Robin N},
  journal={BMC medicine},
  volume={18},
  number={1},
  pages={1--4},
  year={2020},
  publisher={BioMed Central}
}
@article{oraby2014influence,
  title={The influence of social norms on the dynamics of vaccinating behaviour for paediatric infectious diseases},
  author={Oraby, Tamer and Thampi, Vivek and Bauch, Chris T},
  journal={Proceedings of the Royal Society B: Biological Sciences},
  volume={281},
  number={1780},
  pages={20133172},
  year={2014},
  publisher={The Royal Society}
}

@article{demirguc2020sooner,
  title={The sooner, the better: The early economic impact of non-pharmaceutical interventions during the COVID-19 pandemic},
  author={Demirguc-Kunt, Asli and Lokshin, Michael and Torre, Ivan},
  journal={World Bank Policy Research Working Paper},
  number={9257},
  year={2020}
}
@book{lotka1925elements,
  title={Elements of physical biology},
  author={Lotka, Alfred James},
  year={1925},
  publisher={Williams \& Wilkins}
}

@book{edelstein2005mathematical,
  title={Mathematical models in biology},
  author={Edelstein-Keshet, Leah},
  year={2005},
  publisher={SIAM}
}

@article{volterra1928variations,
  title={Variations and fluctuations of the number of individuals in animal species living together},
  author={Volterra, Vito},
  journal={ICES Journal of Marine Science},
  volume={3},
  number={1},
  pages={3--51},
  year={1928},
  publisher={Oxford University Press}
}

@article{lotka1920analytical,
  title={Analytical note on certain rhythmic relations in organic systems},
  author={Lotka, Alfred J},
  journal={Proceedings of the National Academy of Sciences},
  volume={6},
  number={7},
  pages={410--415},
  year={1920},
  publisher={National Acad Sciences}
}
@misc{who2021impact,
title={Impact of COVID-19 on people's livelihoods, their health and our food systems},
url={https://www.who.int/news/item/13-10-2020-impact-of-covid-19-on-people%27s-livelihoods-their-health-and-our-food-systems},
publisher={World Health Organization},
year={2020},
month={October},
}
@article{flaxman2020estimating,
  title={Estimating the effects of non-pharmaceutical interventions on COVID-19 in Europe},
  author={Flaxman, Seth and Mishra, Swapnil and Gandy, Axel and Unwin, H Juliette T and Mellan, Thomas A and Coupland, Helen and Whittaker, Charles and Zhu, Harrison and Berah, Tresnia and Eaton, Jeffrey W and others},
  journal={Nature},
  volume={584},
  number={7820},
  pages={257--261},
  year={2020},
  publisher={Nature Publishing Group}
}

@misc{who2020announces,
title={WHO announces COVID-19 outbreak a pandemic},
url={https://www.euro.who.int/en/health-topics/health-emergencies/coronavirus-covid-19/news/news/2020/3/who-announces-covid-19-outbreak-a-pandemic},
publisher={World Health Organization},
year={2020},
month={December},
}
@article{andersen2020proximal,
  title={The proximal origin of SARS-CoV-2},
  author={Andersen, Kristian G and Rambaut, Andrew and Lipkin, W Ian and Holmes, Edward C and Garry, Robert F},
  journal={Nature medicine},
  volume={26},
  number={4},
  pages={450--452},
  year={2020},
  publisher={Nature Publishing Group}
}
@article{rasmussen2021origins,
  title={On the origins of SARS-CoV-2},
  author={Rasmussen, Angela L},
  journal={Nature Medicine},
  volume={27},
  number={1},
  pages={9--9},
  year={2021},
  publisher={Nature Publishing Group}
}
@article{zhu2020novel,
  title={A novel coronavirus from patients with pneumonia in China, 2019},
  author={Zhu, Na and Zhang, Dingyu and Wang, Wenling and Li, Xingwang and Yang, Bo and Song, Jingdong and Zhao, Xiang and Huang, Baoying and Shi, Weifeng and Lu, Roujian and others},
  journal={New England journal of medicine},
  year={2020},
  publisher={Mass Medical Soc}
}

@article{anderson2020estimating,
  title={Estimating the impact of {{COVID}}-19 control measures using a Bayesian model of physical distancing},
  author={Anderson, Sean C and Edwards, Andrew M and Yerlanov, Madi and Mulberry, Nicola and Stockdale, Jessica and Iyaniwura, Sarafa A and Falcao, Rebeca C and Otterstatter, Michael C and Irvine, Michael A and Janjua, Naveed Z and others},
  journal={medRxiv},
  year={2020},
  publisher={Cold Spring Harbor Laboratory Press}
}