@article{li1996effects,
  title={Effects of contagious disturbance on forest temporal dynamics},
  author={Li, Chao and Apps, Michael J},
  journal={Ecological Modelling},
  volume={87},
  number={1-3},
  pages={143--151},
  year={1996},
  publisher={Elsevier}
}

@article{jentsch2018spatial,
  title={Spatial correlation as an early warning signal of regime shifts in a multiplex disease-behaviour network},
  author={Jentsch, Peter C and Anand, Madhur and Bauch, Chris T},
  journal={Journal of theoretical biology},
  volume={448},
  pages={17--25},
  year={2018},
  publisher={Elsevier}
}
@article{shegelski2019morphological,
  title={Morphological variation associated with dispersal capacity in a tree-killing bark beetle Dendroctonus ponderosae Hopkins},
  author={Shegelski, Victor A and Evenden, Maya L and Sperling, Felix AH},
  journal={Agricultural and Forest Entomology},
  volume={21},
  number={1},
  pages={79--87},
  year={2019},
  publisher={Wiley Online Library}
}

@article{bentz2014mountain,
  title={Mountain pine beetle voltinism and life history characteristics across latitudinal and elevational gradients in the western United States},
  author={Bentz, Barbara and Vandygriff, James and Jensen, Camille and Coleman, Tom and Maloney, Patricia and Smith, Sheri and Grady, Amanda and Schen-Langenheim, Greta},
  journal={Forest Science},
  volume={60},
  number={3},
  pages={434--449},
  year={2014},
  publisher={Oxford University Press Oxford, UK}
}

@article{cudmore2010climate,
  title={Climate change and range expansion of an aggressive bark beetle: evidence of higher beetle reproduction in na{\"\i}ve host tree populations},
  author={Cudmore, Timothy J and Bj{\"o}rklund, Niklas and Carroll, Allan L and Staffan Lindgren, B},
  journal={Journal of Applied Ecology},
  volume={47},
  number={5},
  pages={1036--1043},
  year={2010},
  publisher={Wiley Online Library}
}

@misc{negron2014mountain,
  title={Mountain pine beetle, a major disturbance agent in US western coniferous forests: a synthesis of the state of knowledge},
  author={Negr{\'o}n, Jos{\'e} F and Fettig, Christopher J},
  year={2014},
  publisher={Oxford University Press Oxford, UK}
}

@article{gibson2009mountain,
  title={Mountain pine beetle},
  author={Gibson, Ken and Kegley, Sandy and Bentz, Barbara},
  journal={Forest Insect and Disease Leaflet No. 2. FS-R6-RO-FIDL\# 2/002-2009. Portland, OR: US Department of Agriculture, Forest Service, Pacific Northwest Region. 12 p.},
  year={2009}
}


@inproceedings{lotan1985role,
  title={Role of fire in lodgepole pine forests},
  author={Lotan, James E and Brown, James K and Neuenschwander, Leon F},
  booktitle={Lodgepole pine: the species and its management symposium proceedings’.(Eds D Baumgartner et al.) pp},
  pages={133--152},
  year={1985}
}

@article{wagner1977conditions,
  title={Conditions for the start and spread of crown fire},
  author={Wagner, CE Van},
  journal={Canadian Journal of Forest Research},
  volume={7},
  number={1},
  pages={23--34},
  year={1977},
  publisher={NRC Research Press Ottawa, Canada}
}
@article{lotan1976cone,
  title={Cone serotiny-fire relationships in lodgepole pine},
  author={Lotan, James E},
  journal={The Bark Beetles, Fuels, and Fire Bibliography},
  pages={8},
  year={1976}
}

@article{brown2010impact,
  title={Impact of mountain pine beetle on the net ecosystem production of lodgepole pine stands in British Columbia},
  author={Brown, M and Black, TA and Nesic, Z and Foord, VN and Spittlehouse, DL and Fredeen, AL and Grant, NJ and Burton, PJ and Trofymow, JA},
  journal={Agricultural and Forest Meteorology},
  volume={150},
  number={2},
  pages={254--264},
  year={2010},
  publisher={Elsevier}
}

@article{duncan2015model,
  title={A model for mountain pine beetle outbreaks in an age-structured forest: Predicting severity and outbreak-recovery cycle period},
  author={Duncan, Jacob P and Powell, James A and Gordillo, Luis F and Eason, Joseph},
  journal={Bulletin of mathematical biology},
  volume={77},
  number={7},
  pages={1256--1284},
  year={2015},
  publisher={Springer}
}
@article{brockerhoff2017ecology,
  title={Ecology of forest insect invasions},
  author={Brockerhoff, EG and Liebhold, AM},
  journal={Biological Invasions},
  volume={19},
  number={11},
  pages={3141--3159},
  year={2017},
  publisher={Springer}
}
@article{arno1980forest,
  title={Forest fire history in the northern Rockies},
  author={Arno, Stephen F},
  journal={Journal of Forestry},
  volume={78},
  number={8},
  pages={460--465},
  year={1980},
  publisher={Oxford University Press}
}
@book{agee1996fire,
  title={Fire ecology of Pacific Northwest forests},
  author={Agee, James K},
  year={1996},
  publisher={Island press}
}


@misc{nrcanmpb, 
  title={Mountain pine beetle (factsheet)},
  howpublished={\url{http://www.nrcan.gc.ca/forests/fire-insects-disturbances/top-insects/13397}},
  author={Natural Resources Canada},
  publisher={Natural Resources Canada},
  year={2017},
  month={Feb},
  urldate = {2021-04-30}
} 
@article{reluga2010game,
  title={Game theory of social distancing in response to an epidemic},
  author={Reluga, Timothy C},
  journal={PLoS Comput Biol},
  volume={6},
  number={5},
  pages={e1000793},
  year={2010},
  publisher={Public Library of Science}
}
@misc{mpb_manning_park,
  author={{Wikimedia user Jonhall}},
  title={Pine Beetle in Manning Park photo},
  url={https://upload.wikimedia.org/wikipedia/commons/7/7c/Pine_Beetle_in_Manning_Park.jpg},
  note={accessed June 10, 2021}
}
@misc{eab_penny_photo,
  author={Russell, Howard},
  title={ Emerald ash borer (Agrilus planipennis) on a penny},
  url={https://commons.wikimedia.org/wiki/File:Emerald_ash_borer_05.jpg},
  note={accessed June 10, 2021}
}
@book{rass2003spatial,
  title={Spatial deterministic epidemics},
  author={Rass, Linda and Lifshits, MA and Radcliffe, John},
  year={2003},
  publisher={American Mathematical Soc.}
}
@article{levins1969some,
  title={Some demographic and genetic consequences of environmental heterogeneity for biological control},
  author={Levins, Richard},
  journal={American Entomologist},
  volume={15},
  number={3},
  pages={237--240},
  year={1969},
  publisher={Oxford University Press}
}
@article{house2008deterministic,
  title={Deterministic epidemic models with explicit household structure},
  author={House, Thomas and Keeling, Matt J},
  journal={Mathematical biosciences},
  volume={213},
  number={1},
  pages={29--39},
  year={2008},
  publisher={Elsevier}
}

@article{ball2015seven,
  title={Seven challenges for metapopulation models of epidemics, including households models},
  author={Ball, Frank and Britton, Tom and House, Thomas and Isham, Valerie and Mollison, Denis and Pellis, Lorenzo and Tomba, Gianpaolo Scalia},
  journal={Epidemics},
  volume={10},
  pages={63--67},
  year={2015},
  publisher={Elsevier}
}

@article{nowzari2016analysis,
  title={Analysis and control of epidemics: A survey of spreading processes on complex networks},
  author={Nowzari, Cameron and Preciado, Victor M and Pappas, George J},
  journal={IEEE Control Systems Magazine},
  volume={36},
  number={1},
  pages={26--46},
  year={2016},
  publisher={IEEE}
}

@article{colizza2007invasion,
  title={Invasion threshold in heterogeneous metapopulation networks},
  author={Colizza, Vittoria and Vespignani, Alessandro},
  journal={Physical review letters},
  volume={99},
  number={14},
  pages={148701},
  year={2007},
  publisher={APS}
}

@article{anderson1985vaccination,
  title={Vaccination and herd immunity to infectious diseases},
  author={Anderson, Roy M and May, Robert M},
  journal={Nature},
  volume={318},
  number={6044},
  pages={323--329},
  year={1985},
  publisher={Nature Publishing Group}
}

@article{hethcote1997age,
  title={An age-structured model for pertussis transmission},
  author={Hethcote, Herbert W},
  journal={Mathematical biosciences},
  volume={145},
  number={2},
  pages={89--136},
  year={1997},
  publisher={Elsevier}
}

@article{hethcote2000mathematics,
  title={The mathematics of infectious diseases},
  author={Hethcote, Herbert W},
  journal={SIAM review},
  volume={42},
  number={4},
  pages={599--653},
  year={2000},
  publisher={SIAM}
}

@article{liebhold2008population,
  title={Population ecology of insect invasions and their management},
  author={Liebhold, Andrew M and Tobin, Patrick C},
  journal={Annu. Rev. Entomol.},
  volume={53},
  pages={387--408},
  year={2008},
  publisher={Annual Reviews}
}
@article{aukema2010historical,
  title={Historical accumulation of nonindigenous forest pests in the continental United States},
  author={Aukema, Juliann E and McCullough, Deborah G and Von Holle, Betsy and Liebhold, Andrew M and Britton, Kerry and Frankel, Susan J},
  journal={BioScience},
  volume={60},
  number={11},
  pages={886--897},
  year={2010},
  publisher={American Institute of Biological Sciences Circulation, AIBS, 1313 Dolley~…}
}

@article{herms2014emerald,
  title={Emerald ash borer invasion of North America: history, biology, ecology, impacts, and management},
  author={Herms, Daniel A and McCullough, Deborah G},
  journal={Annual review of entomology},
  volume={59},
  pages={13--30},
  year={2014},
  publisher={Annual Reviews}
}

@online{nrcaneab,
  title={Emerald ash borer},
  author={Natural Resources Canada},
  howpublished={\url{https://www.nrcan.gc.ca/our-natural-resources/forests/wildland-fires-insects-disturbances/top-forest-insects-and-diseases-canada/emerald-ash-borer/13377}},
  urldate = {2021-04-30}
}
@article{fei2019biomass,
  title={Biomass losses resulting from insect and disease invasions in US forests},
  author={Fei, Songlin and Morin, Randall S and Oswalt, Christopher M and Liebhold, Andrew M},
  journal={Proceedings of the National Academy of Sciences},
  volume={116},
  number={35},
  pages={17371--17376},
  year={2019},
  publisher={National Acad Sciences}
}

@mastersthesis{gooding2018forest,
  title={The forest transition and ecological thresholds: resilience, recovery, and predictions},
  author={Gooding-Townsend, Robert},
  year={2018},
  school={University of Waterloo}
}
@article{barlow2014modelling,
  title={Modelling interactions between forest pest invasions and human decisions regarding firewood transport restrictions},
  author={Barlow, Lee-Ann and Cecile, Jacob and Bauch, Chris T and Anand, Madhur},
  journal={PloS one},
  volume={9},
  number={4},
  pages={e90511},
  year={2014},
  publisher={Public Library of Science}
}

@article{henderson2016alternative,
  title={Alternative stable states and the sustainability of forests, grasslands, and agriculture},
  author={Henderson, Kirsten A and Bauch, Chris T and Anand, Madhur},
  journal={Proceedings of the National Academy of Sciences},
  volume={113},
  number={51},
  pages={14552--14559},
  year={2016},
  publisher={National Acad Sciences}
}

@article{andrews2015disease,
  title={Disease interventions can interfere with one another through disease-behaviour interactions},
  author={Andrews, Michael A and Bauch, Chris T},
  journal={PLoS computational biology},
  volume={11},
  number={6},
  pages={e1004291},
  year={2015},
  publisher={Public Library of Science San Francisco, CA USA}
}
@article{thampi2018socio,
  title={Socio-ecological dynamics of Caribbean coral reef ecosystems and conservation opinion propagation},
  author={Thampi, Vivek A and Anand, Madhur and Bauch, Chris T},
  journal={Scientific reports},
  volume={8},
  number={1},
  pages={1--11},
  year={2018},
  publisher={Nature Publishing Group}
}

@article{bury2019charting,
  title={Charting pathways to climate change mitigation in a coupled socio-climate model},
  author={Bury, Thomas M and Bauch, Chris T and Anand, Madhur},
  journal={PLoS computational biology},
  volume={15},
  number={6},
  pages={e1007000},
  year={2019},
  publisher={Public Library of Science San Francisco, CA USA}
}
@book{brauer2019mathematical,
  title={Mathematical models in epidemiology},
  author={Brauer, Fred and Castillo-Chavez, Carlos and Feng, Zhilan},
  volume={32},
  year={2019},
  publisher={Springer}
}
@incollection{brauer2008compartmental,
  title={Compartmental models in epidemiology},
  author={Brauer, Fred},
  booktitle={Mathematical epidemiology},
  pages={19--79},
  year={2008},
  publisher={Springer}
}
@book{hamer1906epidemic,
  title={Epidemic disease in England: the evidence of variability and of persistency of type},
  author={Hamer, WILLIAM HEATON},
  year={1906},
  publisher={Bedford Press}
}

@article{innes2013impact,
  title={The impact of human-environment interactions on the stability of forest-grassland mosaic ecosystems},
  author={Innes, Clinton and Anand, Madhur and Bauch, Chris T},
  journal={Scientific reports},
  volume={3},
  number={1},
  pages={1--10},
  year={2013},
  publisher={Nature Publishing Group}
}
@book{snow1855mode,
  title={On the mode of communication of cholera},
  author={Snow, John},
  year={1855},
  publisher={John Churchill}
}
@article{jentsch2021prioritising,
  title={Prioritising COVID-19 vaccination in changing social and epidemiological landscapes: a mathematical modelling study},
  author={Jentsch, Peter C and Anand, Madhur and Bauch, Chris T},
  journal={The Lancet Infectious Diseases},
  year={2021},
  publisher={Elsevier}
}

@article{jentsch2020go,
  title={Go big or go home: A model-based assessment of general strategies to slow the spread of forest pests via infested firewood},
  author={Jentsch, Peter C and Bauch, Chris T and Yemshanov, Denys and Anand, Madhur},
  journal={PloS one},
  volume={15},
  number={9},
  pages={e0238979},
  year={2020},
  publisher={Public Library of Science San Francisco, CA USA}
}
@article{bauch2012evolutionary,
  title={Evolutionary game theory and social learning can determine how vaccine scares unfold},
  author={Bauch, Chris T and Bhattacharyya, Samit},
  journal={PLoS Comput Biol},
  volume={8},
  number={4},
  pages={e1002452},
  year={2012},
  publisher={Public Library of Science}
}

@book{hofbauer1998evolutionary,
  title={Evolutionary games and population dynamics},
  author={Hofbauer, Josef and Sigmund, Karl and others},
  year={1998},
  publisher={Cambridge university press}
}

@article{bauch2004vaccination,
  title={Vaccination and the theory of games},
  author={Bauch, Chris T and Earn, David JD},
  journal={Proceedings of the National Academy of Sciences},
  volume={101},
  number={36},
  pages={13391--13394},
  year={2004},
  publisher={National Acad Sciences}
}
@article{bauch2005imitation,
  title={Imitation dynamics predict vaccinating behaviour},
  author={Bauch, Chris T},
  journal={Proceedings of the Royal Society B: Biological Sciences},
  volume={272},
  number={1573},
  pages={1669--1675},
  year={2005},
  publisher={The Royal Society London}
}


@article{ferguson2020report,
  title={Report 9: Impact of non-pharmaceutical interventions (NPIs) to reduce COVID19 mortality and healthcare demand},
  author={Ferguson, Neil and Laydon, Daniel and Nedjati Gilani, Gemma and Imai, Natsuko and Ainslie, Kylie and Baguelin, Marc and Bhatia, Sangeeta and Boonyasiri, Adhiratha and Cucunuba Perez, ZULMA and Cuomo-Dannenburg, Gina and others},
  year={2020}
}
@article{kermack1927contribution,
  title={A contribution to the mathematical theory of epidemics},
  author={Kermack, William Ogilvy and McKendrick, Anderson G},
  journal={Proceedings of the royal society of london. Series A, Containing papers of a mathematical and physical character},
  volume={115},
  number={772},
  pages={700--721},
  year={1927},
  publisher={The Royal Society London}
}
@article{thompson2020epidemiological,
  title={Epidemiological models are important tools for guiding COVID-19 interventions},
  author={Thompson, Robin N},
  journal={BMC medicine},
  volume={18},
  number={1},
  pages={1--4},
  year={2020},
  publisher={BioMed Central}
}
@article{oraby2014influence,
  title={The influence of social norms on the dynamics of vaccinating behaviour for paediatric infectious diseases},
  author={Oraby, Tamer and Thampi, Vivek and Bauch, Chris T},
  journal={Proceedings of the Royal Society B: Biological Sciences},
  volume={281},
  number={1780},
  pages={20133172},
  year={2014},
  publisher={The Royal Society}
}

@article{demirguc2020sooner,
  title={The sooner, the better: The early economic impact of non-pharmaceutical interventions during the COVID-19 pandemic},
  author={Demirguc-Kunt, Asli and Lokshin, Michael and Torre, Ivan},
  journal={World Bank Policy Research Working Paper},
  number={9257},
  year={2020}
}
@book{lotka1925elements,
  title={Elements of physical biology},
  author={Lotka, Alfred James},
  year={1925},
  publisher={Williams \& Wilkins}
}

@book{edelstein2005mathematical,
  title={Mathematical models in biology},
  author={Edelstein-Keshet, Leah},
  year={2005},
  publisher={SIAM}
}

@article{volterra1928variations,
  title={Variations and fluctuations of the number of individuals in animal species living together},
  author={Volterra, Vito},
  journal={ICES Journal of Marine Science},
  volume={3},
  number={1},
  pages={3--51},
  year={1928},
  publisher={Oxford University Press}
}

@article{lotka1920analytical,
  title={Analytical note on certain rhythmic relations in organic systems},
  author={Lotka, Alfred J},
  journal={Proceedings of the National Academy of Sciences},
  volume={6},
  number={7},
  pages={410--415},
  year={1920},
  publisher={National Acad Sciences}
}
@misc{who2021impact,
title={Impact of COVID-19 on people's livelihoods, their health and our food systems},
howpublished={\url{https://www.who.int/news/item/13-10-2020-impact-of-covid-19-on-people%27s-livelihoods-their-health-and-our-food-systems}},
publisher={World Health Organization},
year={2020},
month={October},
}
@article{chen2014model,
  title={A model for coupling fire and insect outbreak in forests},
  author={Chen-Charpentier, B and Leite, Maria Concei{\c{c}}{\~a}o A},
  journal={Ecological modelling},
  volume={286},
  pages={26--36},
  year={2014},
  publisher={Elsevier}
}

@article{linn2002studying,
  title={Studying wildfire behavior using FIRETEC},
  author={Linn, Rodman and Reisner, Jon and Colman, Jonah J and Winterkamp, Judith},
  journal={International journal of wildland fire},
  volume={11},
  number={4},
  pages={233--246},
  year={2002},
  publisher={CSIRO}
}

@article{mell2007physics,
  title={A physics-based approach to modelling grassland fires},
  author={Mell, William and Jenkins, Mary Ann and Gould, Jim and Cheney, Phil},
  journal={International Journal of Wildland Fire},
  volume={16},
  number={1},
  pages={1--22},
  year={2007},
  publisher={CSIRO}
}

@article{bakhshaii2019review,
  title={A review of a new generation of wildfire--atmosphere modeling},
  author={Bakhshaii, Atoossa and Johnson, Edward A},
  journal={Canadian Journal of Forest Research},
  volume={49},
  number={6},
  pages={565--574},
  year={2019},
  publisher={NRC Research Press}
}

@article{casagrandi1999minimal,
  title={A minimal model for forest fire regimes},
  author={Casagrandi, Renato and Rinaldi, Sergio},
  journal={The American Naturalist},
  volume={153},
  number={5},
  pages={527--539},
  year={1999},
  publisher={The University of Chicago Press}
}

@article{lewis2010structured,
  title={A structured threshold model for mountain pine beetle outbreak},
  author={Lewis, Mark A and Nelson, William and Xu, Cailin},
  journal={Bulletin of mathematical biology},
  volume={72},
  number={3},
  pages={565--589},
  year={2010},
  publisher={Springer}
}

@article{flaxman2020estimating,
  title={Estimating the effects of non-pharmaceutical interventions on COVID-19 in Europe},
  author={Flaxman, Seth and Mishra, Swapnil and Gandy, Axel and Unwin, H Juliette T and Mellan, Thomas A and Coupland, Helen and Whittaker, Charles and Zhu, Harrison and Berah, Tresnia and Eaton, Jeffrey W and others},
  journal={Nature},
  volume={584},
  number={7820},
  pages={257--261},
  year={2020},
  publisher={Nature Publishing Group}
}
@article{berryman1984metastability,
  title={Metastability of forest ecosystems infested by bark beetles},
  author={Berryman, Alan A and Stenseth, Nils Chr and Wollkind, David J},
  journal={Population Ecology},
  volume={26},
  number={1},
  pages={13--29},
  year={1984},
  publisher={Wiley Online Library}
}

@misc{who2020announces,
title={{WHO} announces {COVID-19} outbreak a pandemic},
howpublished={\url{https://www.euro.who.int/en/health-topics/health-emergencies/coronavirus-covid-19/news/news/2020/3/who-announces-covid-19-outbreak-a-pandemic}},
publisher={World Health Organization},
year={2020},
month={December},
}
@article{andersen2020proximal,
  title={The proximal origin of SARS-CoV-2},
  author={Andersen, Kristian G and Rambaut, Andrew and Lipkin, W Ian and Holmes, Edward C and Garry, Robert F},
  journal={Nature medicine},
  volume={26},
  number={4},
  pages={450--452},
  year={2020},
  publisher={Nature Publishing Group}
}
@article{rasmussen2021origins,
  title={On the origins of SARS-CoV-2},
  author={Rasmussen, Angela L},
  journal={Nature Medicine},
  volume={27},
  number={1},
  pages={9--9},
  year={2021},
  publisher={Nature Publishing Group}
}
@article{zhu2020novel,
  title={A novel coronavirus from patients with pneumonia in China, 2019},
  author={Zhu, Na and Zhang, Dingyu and Wang, Wenling and Li, Xingwang and Yang, Bo and Song, Jingdong and Zhao, Xiang and Huang, Baoying and Shi, Weifeng and Lu, Roujian and others},
  journal={New England journal of medicine},
  year={2020},
  publisher={Mass Medical Soc}
}

@article{anderson2020estimating,
  title={Estimating the impact of {{COVID}}-19 control measures using a Bayesian model of physical distancing},
  author={Anderson, Sean C and Edwards, Andrew M and Yerlanov, Madi and Mulberry, Nicola and Stockdale, Jessica and Iyaniwura, Sarafa A and Falcao, Rebeca C and Otterstatter, Michael C and Irvine, Michael A and Janjua, Naveed Z and others},
  journal={medRxiv},
  year={2020},
  publisher={Cold Spring Harbor Laboratory Press}
}@article{mossong2008social,
  title={Social contacts and mixing patterns relevant to the spread of infectious diseases},
  author={Mossong, Jo{\"e}l and Hens, Niel and Jit, Mark and Beutels, Philippe and Auranen, Kari and Mikolajczyk, Rafael and Massari, Marco and Salmaso, Stefania and Tomba, Gianpaolo Scalia and Wallinga, Jacco and others},
  journal={PLoS medicine},
  volume={5},
  number={3},
  year={2008},
  publisher={Public Library of Science}
}
@article{MALIK2020100495,
title = "Determinants of COVID-19 vaccine acceptance in the US",
journal = "EClinicalMedicine",
volume = "26",
pages = "100495",
year = "2020",
issn = "2589-5370",
doi = "https://doi.org/10.1016/j.eclinm.2020.100495",
url = "http://www.sciencedirect.com/science/article/pii/S258953702030239X",
author = "Amyn A. Malik and SarahAnn M. McFadden and Jad Elharake and Saad B. Omer",
}



@misc{kissabc,
  author = {Allemanno, Francesco},
  title = {KissABC.jl},
  year = {2020},
  publisher = {GitHub},
  journal = {GitHub repository},
  howpublished = {\url{https://github.com/JuliaApproxInference/KissABC.jl}},
  commit = {be3074db9bb86814863988cffcabceb1490a7f2c}
}
@misc{code_repo,
    author = {Jentsch, Peter C},
    howpublished = {\url{https://git.uwaterloo.ca/pjentsch/prioritizing-covid-19-vaccination-in-changing-social-and-epidemiological-landscapes}},
    year = {2020},
    publisher = {GitLab},
    commit = {8bebba84ef6a2a7098a1cf2273d3df7ef114a798}
}
@article{nishiura2020serial,
  title={Serial interval of novel coronavirus ({COVID}-19) infections},
  author={Nishiura, Hiroshi and Linton, Natalie M and Akhmetzhanov, Andrei R},
  journal={International journal of infectious diseases},
  year={2020},
  publisher={Elsevier}
}
@article{diekmann2010construction,
  title={The construction of next-generation matrices for compartmental epidemic models},
  author={Diekmann, Odo and Heesterbeek, JAP and Roberts, Michael G},
  journal={Journal of the Royal Society Interface},
  volume={7},
  number={47},
  pages={873--885},
  year={2010},
  publisher={The Royal Society}
}
@article{turner2012approximate,
  title={Approximate {Bayesian} computation with differential evolution},
  author={Turner, Brandon M and Sederberg, Per B},
  journal={Journal of Mathematical Psychology},
  volume={56},
  number={5},
  pages={375--385},
  year={2012},
  publisher={Elsevier}
}
@article{dushoff2007vaccinating,
  title={Vaccinating to protect a vulnerable subpopulation},
  author={Dushoff, Jonathan and Plotkin, Joshua B and Viboud, Cecile and Simonsen, Lone and Miller, Mark and Loeb, Mark and David, JD},
  journal={PLoS Med},
  volume={4},
  number={5},
  pages={e174},
  year={2007},
  publisher={Public Library of Science}
}

@article{mcgrail2020enacting,
  title={Enacting national social distancing policies corresponds with dramatic reduction in {COVID}19 infection rates},
  author={McGrail, Daniel J and Dai, Jianli and McAndrews, Kathleen M and Kalluri, Raghu},
  journal={PloS one},
  volume={15},
  number={7},
  pages={e0236619},
  year={2020},
  publisher={Public Library of Science San Francisco, CA USA}
}

@article{karatayev2020local,
  title={Local lockdowns outperform global lockdown on the far side of the {COVID}-19 epidemic curve},
  author={Karatayev, Vadim A and Anand, Madhur and Bauch, Chris T},
  journal={Proceedings of the National Academy of Sciences},
  year={2020},
  publisher={National Acad Sciences}
}

@article{brownstein2005identifying,
  title={Identifying pediatric age groups for influenza vaccination using a real-time regional surveillance system},
  author={Brownstein, John S and Kleinman, Ken P and Mandl, Kenneth D},
  journal={American Journal of Epidemiology},
  volume={162},
  number={7},
  pages={686--693},
  year={2005},
  publisher={Oxford University Press}
}


@article{anderson2020estimating,
  title={Estimating the impact of {{COVID}}-19 control measures using a Bayesian model of physical distancing},
  author={Anderson, Sean C and Edwards, Andrew M and Yerlanov, Madi and Mulberry, Nicola and Stockdale, Jessica and Iyaniwura, Sarafa A and Falcao, Rebeca C and Otterstatter, Michael C and Irvine, Michael A and Janjua, Naveed Z and others},
  journal={medRxiv},
  year={2020},
  publisher={Cold Spring Harbor Laboratory Press}
}

@article{aussie2020,
  title = {AUSTRALIAN INFLUENZA SURVEILLANCE REPORT},
  author = {{Australian Government, Department of Health}},
  year = {2020},
  volume = {2(20 April to 3 May 2020)}}

@article{lurie2020developing,
  title={Developing {COVID}-19 vaccines at pandemic speed},
  author={Lurie, Nicole and Saville, Melanie and Hatchett, Richard and Halton, Jane},
  journal={New England Journal of Medicine},
  volume={382},
  number={21},
  pages={1969--1973},
  year={2020},
  publisher={Mass Medical Soc}
}
@article{miller2020disease,
  title={Disease and healthcare burden of {COVID}-19 in the {United States}},
  author={Miller, Ian F and Becker, Alexander D and Grenfell, Bryan T and Metcalf, C Jessica E},
  journal={Nature Medicine},
  volume={26},
  number={8},
  pages={1212--1217},
  year={2020},
  publisher={Nature Publishing Group}
}

@article{tuite2020mathematical,
  title={Mathematical modelling of {COVID}-19 transmission and mitigation strategies in the population of Ontario, Canada},
  author={Tuite, Ashleigh R and Fisman, David N and Greer, Amy L},
  journal={CMAJ},
  volume={192},
  number={19},
  pages={E497--E505},
  year={2020},
  publisher={Can Med Assoc}
}

@article{li2020temporal,
  title={The temporal association of introducing and lifting non-pharmaceutical interventions with the time-varying reproduction number (R) of SARS-CoV-2: a modelling study across 131 countries},
  author={Li, You and Campbell, Harry and Kulkarni, Durga and Harpur, Alice and Nundy, Madhurima and Wang, Xin and Nair, Harish and for COVID, Usher Network and others},
  journal={The Lancet Infectious Diseases},
  year={2020},
  publisher={Elsevier}
}

@article{peak2020individual,
  title={Individual quarantine versus active monitoring of contacts for the mitigation of {COVID}-19: a modelling study},
  author={Peak, Corey M and Kahn, Rebecca and Grad, Yonatan H and Childs, Lauren M and Li, Ruoran and Lipsitch, Marc and Buckee, Caroline O},
  journal={The Lancet Infectious Diseases},
  year={2020},
  publisher={Elsevier}
}
@article{hodgson2020defines,
  title={What defines an efficacious COVID-19 vaccine? A review of the challenges assessing the clinical efficacy of vaccines against SARS-CoV-2},
  author={Hodgson, Susanne H and Mansatta, Kushal and Mallett, Garry and Harris, Victoria and Emary, Katherine RW and Pollard, Andrew J},
  journal={The lancet infectious diseases},
  year={2020},
  publisher={Elsevier}
}

@misc{halloran2006community,
  title={Community studies for vaccinating schoolchildren against influenza},
  author={Halloran, M Elizabeth and Longini, Ira M},
  year={2006},
  publisher={American Association for the Advancement of Science}
}

@article{wise2020changes,
  title={Changes in risk perception and protective behavior during the first week of the {COVID}-19 pandemic in the United States},
  author={Wise, Toby and Zbozinek, Tomislav Damir and Michelini, Giorgia and Hagan, Cindy C and others},
  year={2020},
  publisher={PsyArXiv}
}

@misc{ontario_census,
  title = {Census Profile, 2016 Census, https://www12.statcan.gc.ca/, accessed 25 September 2020},
  year = {2020}, 
  author = {{Statistics Canada}}
}

@article{oraby2014influence,
  title={The influence of social norms on the dynamics of vaccinating behaviour for paediatric infectious diseases},
  author={Oraby, Tamer and Thampi, Vivek and Bauch, Chris T},
  journal={Proceedings of the Royal Society B: Biological Sciences},
  volume={281},
  number={1780},
  pages={20133172},
  year={2014},
  publisher={The Royal Society}
}

@article{thampi2018socio,
  title={Socio-ecological dynamics of Caribbean coral reef ecosystems and conservation opinion propagation},
  author={Thampi, Vivek A and Anand, Madhur and Bauch, Chris T},
  journal={Scientific reports},
  volume={8},
  number={1},
  pages={1--11},
  year={2018},
  publisher={Nature Publishing Group}
}

@article{bauch2012evolutionary,
  title={Evolutionary game theory and social learning can determine how vaccine scares unfold},
  author={Bauch, Chris T and Bhattacharyya, Samit},
  journal={PLoS Comput Biol},
  volume={8},
  number={4},
  pages={e1002452},
  year={2012},
  publisher={Public Library of Science}
}
@article{school_closure,
title = {Coronavirus: All publicly funded schools in Ontario closing for 2 weeks due to {{COVID}-19}},
author = {{Globalnews Canada}},
note = {\url{https://globalnews.ca/news/6668240/coronavirus-ontario-schools-closed/}},
year = {2020},
month = {March}
}
@article{bansal2006comparative,
  title={A comparative analysis of influenza vaccination programs},
  author={Bansal, Shweta and Pourbohloul, Babak and Meyers, Lauren Ancel},
  journal={PLoS Med},
  volume={3},
  number={10},
  pages={e387},
  year={2006},
  publisher={Public Library of Science}
}
@article{school_opening,
title = {The dates and staggered starts for all {GTA} schools},
author = {{Globalnews}},
month = {September},
year = {2020},
note = {\url{https://globalnews.ca/news/6668240/coronavirus-ontario-schools-closed/}},
}
@article{babus2020optimal,
  title={The Optimal Allocation of {COVID}-19 Vaccines},
  author={Babus, Ana and Das, Sanmay and Lee, SangMok},
  journal={medRxiv},
  year={2020},
  publisher={Cold Spring Harbor Laboratory Press}
}
@misc{nlopt,
title = {The {NLopt} nonlinear-optimization package},
author = {Steven G. Johnson},
note = {Available at \url{http://github.com/stevengj/nlopt}},
year = {2020}
}
@article{svanberg2002class,
  title={A class of globally convergent optimization methods based on conservative convex separable approximations},
  author={Svanberg, Krister},
  journal={SIAM journal on optimization},
  volume={12},
  number={2},
  pages={555--573},
  year={2002},
  publisher={SIAM}
}
@misc{ontario_reopening,
title = {Reopening Ontario in stages},
author = {{Provincial government of Ontario, Canada}},
note = {Available at \url{https://www.ontario.ca/page/reopening-ontario-stages}},
year = {2020}
}
@article{makhoul2020epidemiological,
  title={Epidemiological impact of SARS-CoV-2 vaccination: mathematical modeling analyses},
  author={Makhoul, Monia and Ayoub, Houssein H and Chemaitelly, Hiam and Seedat, Shaheen and Mumtaz, Ghina R and Al-Omari, Sarah and Abu-Raddad, Laith J},
  journal={medRxiv},
  year={2020},
  publisher={Cold Spring Harbor Laboratory Press}
}
@misc{ontariocoviddata,
    title = {Confirmed positive cases of {{COVID}-19} in {O}ntario},
    note = {Available at \url{https://data.ontario.ca/dataset/confirmed-positive-cases-of-{COVID}-19-in-ontario/resource/455fd63b-603d-4608-8216-7d8647f43350}},
    author = {{{T}reasury {B}oard {S}ecretariat of {O}ntario}},
    month = {September},
    year = {2020},
}
@misc{googlemobility,
    title = {{COVID}-19 Community Mobility Reports},
    author = {{{G}oogle, {I}nc.}},
    month = {September},
    year = {2020},
    note={Available at \url{https://www.google.com/{COVID}19/mobility/}}

}
@article{bubar2020model,
  title={Model-informed {COVID}-19 vaccine prioritization strategies by age and serostatus},
  author={Bubar, Kate M and Kissler, Stephen M and Lipsitch, Marc and Cobey, Sarah and Grad, Yonatan and Larremore, Daniel B},
  journal={medRxiv},
  year={2020},
  publisher={Cold Spring Harbor Laboratory Press}
}
@article{prem2020projecting,
  title={Projecting contact matrices in 177 geographical regions: an update and comparison with empirical data for the {COVID}-19 era},
  author={Prem, Kiesha and van Zandvoort, Kevin and Klepac, Petra and Eggo, Rosalind M and Davies, Nicholas G and Cook, Alex R and Jit, Mark and others},
  journal={medRxiv},
  year={2020},
  publisher={Cold Spring Harbor Laboratory Press}
}
@article{hoyt2020vaccine,
  title={Optimal Dynamic Prioritization of Scarce {COVID}-19 Vaccines},
  author={Buckner, Jack H and Chowell, Gerardo H and Springborn, Michael R},
  journal={medRxiv},
  year={2020},
  publisher={Cold Spring Harbor Laboratory Press}}

@article{matrajt2020vaccine,
  title={Vaccine optimization for {COVID}-19, who to vaccinate first?},
  author={Matrajt, Laura and Eaton, Julie and Leung, Tiffany and Brown, Elizabeth R},
  journal={medRxiv},
  year={2020},
  publisher={Cold Spring Harbor Laboratory Press}
}

@article{salathe2012digital,
  title={Digital epidemiology},
  author={Salathe, Marcel and Bengtsson, Linus and Bodnar, Todd J and Brewer, Devon D and Brownstein, John S and Buckee, Caroline and Campbell, Ellsworth M and Cattuto, Ciro and Khandelwal, Shashank and Mabry, Patricia L and others},
  journal={PLoS Comput Biol},
  volume={8},
  number={7},
  pages={e1002616},
  year={2012},
  publisher={Public Library of Science}
}
@article{prem2017projecting,
  title={Projecting social contact matrices in 152 countries using contact surveys and demographic data},
  author={Prem, Kiesha and Cook, Alex R and Jit, Mark},
  journal={PLoS computational biology},
  volume={13},
  number={9},
  pages={e1005697},
  year={2017},
  publisher={Public Library of Science}
}

@article{sigdel2019convergence,
  title={Convergence of socio-ecological dynamics in disparate ecological systems under strong coupling to human social systems},
  author={Sigdel, Ram and Anand, Madhur and Bauch, Chris T},
  journal={Theoretical Ecology},
  volume={12},
  number={3},
  pages={285--296},
  year={2019},
  publisher={Springer}
}

@article{fu2011imitation,
  title={Imitation dynamics of vaccination behaviour on social networks},
  author={Fu, Feng and Rosenbloom, Daniel I and Wang, Long and Nowak, Martin A},
  journal={Proceedings of the Royal Society B: Biological Sciences},
  volume={278},
  number={1702},
  pages={42--49},
  year={2011},
  publisher={The Royal Society}
}

@article{hethcote2000mathematics,
  title={The mathematics of infectious diseases},
  author={Hethcote, Herbert W},
  journal={SIAM review},
  volume={42},
  number={4},
  pages={599--653},
  year={2000},
  publisher={SIAM}
}

@article{bury2019charting,
  title={Charting pathways to climate change mitigation in a coupled socio-climate model},
  author={Bury, Thomas M and Bauch, Chris T and Anand, Madhur},
  journal={PLoS computational biology},
  volume={15},
  number={6},
  pages={e1007000},
  year={2019},
  publisher={Public Library of Science San Francisco, CA USA}
}

@article{innes2013impact,
  title={The impact of human-environment interactions on the stability of forest-grassland mosaic ecosystems},
  author={Innes, Clinton and Anand, Madhur and Bauch, Chris T},
  journal={Scientific reports},
  volume={3},
  number={1},
  pages={1--10},
  year={2013},
  publisher={Nature Publishing Group}
}
@article{bauch2005imitation,
  title={Imitation dynamics predict vaccinating behaviour},
  author={Bauch, Chris T},
  journal={Proceedings of the Royal Society B: Biological Sciences},
  volume={272},
  number={1573},
  pages={1669--1675},
  year={2005},
  publisher={The Royal Society London}
}

@article{amaral2020epidemiological,
  title={An epidemiological model with voluntary quarantine strategies governed by evolutionary game dynamics},
  author={Amaral, Marco A and de Oliveira, Marcelo M and Javarone, Marco A},
  journal={arXiv preprint arXiv:2008.05979},
  year={2020}
}

@article{bauch2013social,
  title={Social factors in epidemiology},
  author={Bauch, Chris T and Galvani, Alison P},
  journal={Science},
  volume={342},
  number={6154},
  pages={47--49},
  year={2013},
  publisher={American Association for the Advancement of Science}
}
@misc{publichealthontario,
    title={{COVID}-19 case fatality, case identification, and attack rates in Ontario},
    publisher = {Queen’s Printer for Ontario},
    author={{{O}ntario {A}gency for {H}ealth {P}rotection and {P}romotion ({P}ublic {H}ealth {O}ntario)}},
    howpublished = {https://www.publichealthontario.ca/-/media/documents/ncov/epi/2020/06/{COVID}19-epi-case-identification-age-only-template.pdf?la=en}, 
    year = {2020}
}
@article{pedro2020conditions,
  title={Conditions for a second wave of {COVID}-19 due to interactions between disease dynamics and social processes},
  author={Pedro, Sansao A and Ndjomatchoua, Frank T and Jentsch, Peter and Tcheunche, Jean M and Anand, Madhur and Bauch, Chris T},
  journal={medRxiv},
  year={2020},
  publisher={Cold Spring Harbor Laboratory Press}
}

@article{reluga2010game,
  title={Game theory of social distancing in response to an epidemic},
  author={Reluga, Timothy C},
  journal={PLoS Comput Biol},
  volume={6},
  number={5},
  pages={e1000793},
  year={2010},
  publisher={Public Library of Science}
}

@article{ma2006generality,
  title={Generality of the final size formula for an epidemic of a newly invading infectious disease},
  author={Ma, Junling and Earn, David JD},
  journal={Bulletin of mathematical biology},
  volume={68},
  number={3},
  pages={679--702},
  year={2006},
  publisher={Springer}
}

@article{verelst2016behavioural,
  title={Behavioural change models for infectious disease transmission: a systematic review (2010--2015)},
  author={Verelst, Frederik and Willem, Lander and Beutels, Philippe},
  journal={Journal of The Royal Society Interface},
  volume={13},
  number={125},
  pages={20160820},
  year={2016},
  publisher={The Royal Society}
}

@article{funk2010modelling,
  title={Modelling the influence of human behaviour on the spread of infectious diseases: a review},
  author={Funk, Sebastian and Salath{\'e}, Marcel and Jansen, Vincent AA},
  journal={Journal of the Royal Society Interface},
  volume={7},
  number={50},
  pages={1247--1256},
  year={2010},
  publisher={The Royal Society}
}

@article{hilton2020estimation,
  title={Estimation of country-level basic reproductive ratios for novel Coronavirus ({COVID}-19) using synthetic contact matrices},
  author={Hilton, Joe and Keeling, Matt J},
  journal={medRxiv},
  year={2020},
  publisher={Cold Spring Harbor Laboratory Press}
}
@article{anderson1999point,
  title={What is the Point of Equality?},
  author={Anderson, Elizabeth S},
  journal={Ethics},
  volume={109},
  number={2},
  pages={287--337},
  year={1999},
  publisher={The University of Chicago Press}
}
@article{verity2020estimates,
  title={Estimates of the severity of {COVID}-19 disease},
  author={Verity, Robert and Okell, Lucy C and Dorigatti, Ilaria and Winskill, Peter and Whittaker, Charles and Imai, Natsuko and Cuomo-Dannenburg, Gina and Thompson, Hayley and Walker, Patrick and Fu, Han and others},
  journal={medRxiv},
  year={2020},
  publisher={Cold Spring Harbor Laboratory Press}
}

@article{lachmann2020correcting,
  title={Correcting under-reported {COVID}-19 case numbers},
  author={Lachmann, Alexander},
  journal={medRxiv},
  year={2020},
  publisher={Cold Spring Harbor Laboratory Press}
}

@misc{OECDbed,
  title = {OECD Intensive Care Bed Capacity, https://www.oecd.org/coronavirus/en/data-insights/intensive-care-beds-capacity, accessed 25 September 2020},
  author = {{Organisation for Economic Co-operation and Development}},
  year = {2020}}

@article{lauer2020incubation,
  title={The incubation period of coronavirus disease 2019 ({COVID}-19) from publicly reported confirmed cases: estimation and application},
  author={Lauer, Stephen A and Grantz, Kyra H and Bi, Qifang and Jones, Forrest K and Zheng, Qulu and Meredith, Hannah R and Azman, Andrew S and Reich, Nicholas G and Lessler, Justin},
  journal={Annals of internal medicine},
  year={2020}
}
@article{tindale2020transmission,
  title={Transmission interval estimates suggest pre-symptomatic spread of {COVID}-19},
  author={Tindale, Lauren and Coombe, Michelle and Stockdale, Jessica E and Garlock, Emma and Lau, Wing Yin Venus and Saraswat, Manu and Lee, Yen-Hsiang Brian and Zhang, Louxin and Chen, Dongxuan and Wallinga, Jacco and others},
  journal={medRxiv},
  year={2020},
  publisher={Cold Spring Harbor Laboratory Press}
}

@article{van2002reproduction,
  title={Reproduction numbers and sub-threshold endemic equilibria for compartmental models of disease transmission},
  author={Van den Driessche, Pauline and Watmough, James},
  journal={Mathematical biosciences},
  volume={180},
  number={1-2},
  pages={29--48},
  year={2002},
  publisher={Elsevier}
}

@article{alam2020based,
  title={Based on mathematical epidemiology and evolutionary game theory, which is more effective: quarantine or isolation policy?},
  author={Alam, Muntasir and Kabir, KM Ariful and Tanimoto, Jun},
  journal={Journal of Statistical Mechanics: Theory and Experiment},
  volume={2020},
  number={3},
  pages={033502},
  year={2020},
  publisher={IOP Publishing}
}

@article{zhao2020imitation,
  title={Imitation dynamics in the mitigation of the novel coronavirus disease ({COVID}-19) outbreak in Wuhan, China from 2019 to 2020},
  author={Zhao, Shi and Stone, Lewi and Gao, Daozhou and Musa, Salihu S and Chong, Marc KC and He, Daihai and Wang, Maggie H},
  journal={Annals of Translational Medicine},
  volume={8},
  number={7},
  year={2020},
  publisher={AME Publications}
}

@article{salathe2008effect,
  title={The effect of opinion clustering on disease outbreaks},
  author={Salath{\'e}, Marcel and Bonhoeffer, Sebastian},
  journal={Journal of The Royal Society Interface},
  volume={5},
  number={29},
  pages={1505--1508},
  year={2008},
  publisher={The Royal Society London}
}
@article{funk2009spread,
  title={The spread of awareness and its impact on epidemic outbreaks},
  author={Funk, Sebastian and Gilad, Erez and Watkins, Chris and Jansen, Vincent AA},
  journal={Proceedings of the National Academy of Sciences},
  volume={106},
  number={16},
  pages={6872--6877},
  year={2009},
  publisher={National Acad Sciences}
}

@book{anderson1992infectious,
  title={Infectious diseases of humans: dynamics and control},
  author={Anderson, Roy M and Anderson, B and May, Robert M},
  year={1992},
  publisher={Oxford university press}
}

@misc{WHO_TPP,
  title = {WHO Target Product Profiles for {COVID}-19 Vaccines, https://www.who.int/who-documents-detailredirect/
who-target-product-profiles-for-{COVID}-19-vaccines, accessed 25 September 2020},
  author = {World Health Organization},
  year = {2020}}
}

@article{mizumoto2020estimating,
  title={Estimating the asymptomatic proportion of coronavirus disease 2019 ({COVID}-19) cases on board the Diamond Princess cruise ship, Yokohama, Japan, 2020},
  author={Mizumoto, Kenji and Kagaya, Katsushi and Zarebski, Alexander and Chowell, Gerardo},
  journal={Eurosurveillance},
  volume={25},
  number={10},
  pages={2000180},
  year={2020},
  publisher={European Centre for Disease Prevention and Control}
}

@misc{ontario_sero,
  title = {COVID-19 Serosurveillance Summary: COVID-19 Seroprevalence in Ontario: March 27, 2020 to June 30, 2020},
  author = {{Public Health Ontario}},
  year = {2020},
  volume = {https://www.publichealthontario.ca/-/media/documents/ncov/epi/2020/07/covid-19-epi-seroprevalence-in-ontario.pdf?la=en}
}
@article{emery2020contribution,
  title={The contribution of asymptomatic SARS-CoV-2 infections to transmission-a model-based analysis of the Diamond Princess outbreak},
  author={Emery, Jon C and Russel, Timothy W and Liu, Yang and Hellewell, Joel and Pearson, Carl AB and Knight, Gwen M and Eggo, Rosalind M and Kucharski, Adam J and Funk, Sebastian and Flasche, Stefan and others},
  journal={medRxiv},
  year={2020},
  publisher={Cold Spring Harbor Laboratory Press}
}

@misc{PHAC1,
  title={Daily Epidemiological Update. https://www.canada.ca/content/dam/phac-aspc/documents/services/diseases-maladies/2019-novel-coronavirus-infection/{COVID}19-epi-update-eng-2020-04-03.pdf},
  author={{Public Health Agency of Canada}},
  note={accessed 4 April 2020}, 
  year={2020}
}

% https://www.cdc.gov/mmwr/volumes/69/wr/pdfs/mm6912e2-H.pdf


@article{MMWR1,
  title={Severe Outcomes Among Patients with Coronavirus Disease 2019 ({COVID}-19) —
United States, February 12–March 16, 2020.  https://www.cdc.gov/mmwr/volumes/69/wr/pdfs/mm6912e2-H.pdf},
  author={{US Centers for Disease Control}},
  journal={MMWR},
  volume = {69(12)}, 
  pages = {343-346}, 
  year={2020},
}

@misc{USTimeUse,
  title={AMERICAN TIME USE SURVEY — 2018 RESULTS.  https://www.bls.gov/news.release/pdf/atus.pdf},
  author={{Bureau of Labor Statistics}},
  note={accessed 4 April 2020}, 
  year={2018}
}

@misc{CDCcases,
  title={Coronavirus Disease 2019 ({COVID}-19).  https://www.cdc.gov/coronavirus/2019-ncov/cases-updates/cases-in-us.html},
  author={{United States Centers for Disease Control}},
  note={accessed 4 April 2020}, 
  year={2020}
}
@article{zagheni2008using,
  title={Using time-use data to parameterize models for the spread of close-contact infectious diseases},
  author={Zagheni, Emilio and Billari, Francesco C and Manfredi, Piero and Melegaro, Alessia and Mossong, Joel and Edmunds, W John},
  journal={American journal of epidemiology},
  volume={168},
  number={9},
  pages={1082--1090},
  year={2008},
  publisher={Oxford University Press}
}



@misc{CDC1,
      title  = "Cumulative total number of {COVID}-19 cases in the United States by report date.  https://www.cdc.gov/coronavirus/2019-ncov/cases-updates/cases-in-us.html",
      author = "CDC",
      url    = "https://www.cdc.gov/coronavirus/2019-ncov/cases-updates/cases-in-us.html",
      year   = "2020; accessed March  31, 2020"
    }


@misc{gallup1,
      title  = "Americans Step Up Their Social Distancing Even Further.  https://news.gallup.com/opinion/gallup/298310/americans-step-social-distancing-even-further.aspx",
      author = "Lydia Saad",
      url    = "https://news.gallup.com/opinion/gallup/298310/americans-step-social-distancing-even-further.aspx",
      year   = "2020; accessed March  31, 2020"
    }
    
@article{buma2015disturbance,
  title={Disturbance interactions: characterization, prediction, and the potential for cascading effects},
  author={Buma, B},
  journal={Ecosphere},
  volume={6},
  number={4},
  pages={1--15},
  year={2015},
  publisher={Wiley Online Library}
}
@article{freeman1977set,
  title={A set of measures of centrality based on betweenness},
  author={Freeman, Linton C},
  journal={Sociometry},
  pages={35--41},
  year={1977},
  publisher={JSTOR}
}
@article{rackauckas2017differentialequations,
  title={Differentialequations. jl--a performant and feature-rich ecosystem for solving differential equations in julia},
  author={Rackauckas, Christopher and Nie, Qing},
  journal={Journal of Open Research Software},
  volume={5},
  number={1},
  year={2017},
  publisher={Ubiquity Press}
}
@article{brandes2008variants,
  title={On variants of shortest-path betweenness centrality and their generic computation},
  author={Brandes, Ulrik},
  journal={Social Networks},
  volume={30},
  number={2},
  pages={136--145},
  year={2008},
  publisher={Elsevier}
}
@article{haack1997new,
  title={New York's battle with the Asian long-horned beetle},
  author={Haack, Robert A and Law, Kenneth R and Mastro, Victor C and Ossenburgen, H Sharon and Raimo, Bernard J},
  journal={Journal of Forestry. 95 (12): 11-15.},
  volume={2},
  number={12},
  year={1997}
}
@article{petrice2006effects,
  title={Effects of cutting date, outdoor storage conditions, and splitting on survival of Agrilus planipennis (Coleoptera: Buprestidae) in firewood logs},
  author={Petrice, Toby R and Haack, Robert A},
  journal={Journal of Economic Entomology},
  volume={99},
  number={3},
  pages={790--796},
  year={2006},
  publisher={Oxford University Press Oxford, UK}
}
@article{cordell2008latest,
  title={The latest trends in nature-based outdoor recreation},
  author={Cordell, H Ken},
  journal={Forest History Today, Spring 2008},
  year={2008}
}
@article{peterson2012motivation,
  title={Motivation for compliance with environmental regulations related to forest health},
  author={Peterson, Kim and Diss-Torrance, Andrea},
  journal={Journal of environmental management},
  volume={112},
  pages={104--119},
  year={2012},
  publisher={Elsevier}
}
@article{tobin2010does,
  title={What does “local” firewood buy you? Managing the risk of invasive species introduction},
  author={Tobin, Patrick C and Diss-Torrance, Andrea and Blackburn, Laura M and Brown, Brian D},
  journal={Journal of economic entomology},
  volume={103},
  number={5},
  pages={1569--1576},
  year={2010},
  publisher={Oxford University Press Oxford, UK}
}
@article{eagles2002trends,
  title={Trends in park tourism: Economics, finance and management},
  author={Eagles, Paul FJ},
  journal={Journal of sustainable tourism},
  volume={10},
  number={2},
  pages={132--153},
  year={2002},
  publisher={Taylor \& Francis}
}
@article{siikamaki2011contributions,
  title={Contributions of the US state park system to nature recreation},
  author={Siikam{\"a}ki, Juha},
  journal={Proceedings of the National Academy of Sciences},
  volume={108},
  number={34},
  pages={14031--14036},
  year={2011},
  publisher={National Acad Sciences}
}
@article{cordell2012outdoor,
  title={Outdoor recreation trends and futures: a technical document supporting the Forest Service 2010 RPA Assessment},
  author={Cordell, H Ken},
  journal={Gen. Tech. Rep. SRS-150. Asheville, NC: US Department of Agriculture Forest Service, Southern Research Station, 167 p.},
  volume={150},
  pages={1--167},
  year={2012}
}
@article{cordell2008nature,
  title={Nature-based outdoor recreation trends and wilderness},
  author={Cordell, H Ken and Betz, Carter and Green, Gary T},
  journal={International Journal of Wilderness, August 2008, Volume 14, Number 2, Page 7-13},
  year={2008}
}
@article{prasad2010modeling,
  title={Modeling the invasive emerald ash borer risk of spread using a spatially explicit cellular model},
  author={Prasad, Anantha M and Iverson, Louis R and Peters, Matthew P and Bossenbroek, Jonathan M and Matthews, Stephen N and Sydnor, T Davis and Schwartz, Mark W},
  journal={Landscape ecology},
  volume={25},
  number={3},
  pages={353--369},
  year={2010},
  publisher={Springer}
}
@article{liebhold2008population,
  title={Population ecology of insect invasions and their management},
  author={Liebhold, Andrew M and Tobin, Patrick C},
  journal={Annu. Rev. Entomol.},
  volume={53},
  pages={387--408},
  year={2008},
  publisher={Annual Reviews}
}
@article{buck2009hitchhiking,
  title={Hitchhiking as a secondary dispersal pathway for adult emerald ash borer, Agrilus planipennis},
  author={Buck, James H and Marshall, Jordan M},
  journal={Gt Lakes Entomol},
  volume={41},
  pages={197--199},
  year={2009}
}
@article{kolar2001progress,
  title={Progress in invasion biology: predicting invaders},
  author={Kolar, Cynthia S and Lodge, David M},
  journal={Trends in ecology \& evolution},
  volume={16},
  number={4},
  pages={199--204},
  year={2001},
  publisher={Elsevier}
}
@article{yemshanov2015optimal,
  title={Optimal allocation of invasive species surveillance with the maximum expected coverage concept},
  author={Yemshanov, Denys and Haight, Robert G and Koch, Frank H and Lu, Bo and Venette, Robert and Lyons, D Barry and Scarr, Taylor and Ryall, Krista},
  journal={Diversity and Distributions},
  volume={21},
  number={11},
  pages={1349--1359},
  year={2015},
  publisher={Wiley Online Library}
}
@misc{nisc2007,
title =  {Fiscal Year 2007 Interagency Invasive Species Performance Budget},
howpublished = {Online source},
url = {https://edit.doi.gov/sites/doi.gov/files/migrated/invasivespecies/org_collab_budget/upload/NISC-FY2007-Crosscut-Budget-Summary.pdf},
author = "{National Invasive Species Council (NISC)}",
year = {2007}
}
@article{tobin2008cost,
  title={Cost analysis and biological ramifications for implementing the gypsy moth Slow the Spread Program},
  author={Tobin, Patrick C},
  journal={Gen. Tech. Rep. NRS-37. Newtown Square, PA: US Department of Agriculture, Forest Service, Northern Research Station. 21 p.},
  volume={37},
  year={2008}
}
@article{wilson2009something,
  title={Something in the way you move: dispersal pathways affect invasion success},
  author={Wilson, John RU and Dormontt, Eleanor E and Prentis, Peter J and Lowe, Andrew J and Richardson, David M},
  journal={Trends in ecology \& evolution},
  volume={24},
  number={3},
  pages={136--144},
  year={2009},
  publisher={Elsevier}
}
@article{wang2016statistical,
  title={Statistical physics of vaccination},
  author={Wang, Zhen and Bauch, Chris T and Bhattacharyya, Samit and d'Onofrio, Alberto and Manfredi, Piero and Perc, Matja{\v{z}} and Perra, Nicola and Salathe, Marcel and Zhao, Dawei},
  journal={Physics Reports},
  volume={664},
  pages={1--113},
  year={2016},
  publisher={Elsevier}
}
@article{muirhead2006modelling,
  title={Modelling local and long-distance dispersal of invasive emerald ash borer Agrilus planipennis (Coleoptera) in North America},
  author={Muirhead, Jim R and Leung, Brian and van Overdijk, Colin and Kelly, David W and Nandakumar, Kanavillil and Marchant, Kenneth R and MacIsaac, Hugh J},
  journal={Diversity and Distributions},
  volume={12},
  number={1},
  pages={71--79},
  year={2006},
  publisher={Wiley Online Library}
}
@article{gottwald2001citrus,
  title={The citrus canker epidemic in Florida: the scientific basis of regulatory eradication policy for an invasive species},
  author={Gottwald, Tim R and Hughes, Gareth and Graham, James H and Sun, Xiaoan and Riley, Tim},
  journal={Phytopathology},
  volume={91},
  number={1},
  pages={30--34},
  year={2001},
  publisher={Am Phytopath Society}
}
@article{haack2010incidence,
  title={Incidence of bark-and wood-boring insects in firewood: a survey at Michigan’s Mackinac Bridge},
  author={Haack, Robert A and Petrice, Toby R and Wiedenhoeft, Alex C},
  journal={Journal of Economic Entomology},
  volume={103},
  number={5},
  pages={1682--1692},
  year={2010},
  publisher={Oxford University Press Oxford, UK}
}
@article{antonovsky1990forest,
  title={Forest-pest interaction dynamics: the simplest mathematical models},
  author={Antonovsky, M Ya and Fleming, RA and Kuznetsov, Yu A and Clark, WC},
  journal={Theoretical Population Biology},
  volume={37},
  number={2},
  pages={343--367},
  year={1990},
  publisher={Elsevier}
}
@article{bockino2012interactions,
  title={Interactions of white pine blister rust and mountain pine beetle in whitebark pine ecosystems in the southern Greater Yellowstone Area},
  author={Bockino, Nancy K and Tinker, Daniel B},
  journal={Natural Areas Journal},
  volume={32},
  number={1},
  pages={31--40},
  year={2012},
  publisher={BioOne}
}
@article{tegner1981population,
  title={Population structure, recruitment and mortality of two sea urchins (Strongylocentrotus franciscanus and S. purpuratus) in a kelp forest},
  author={Tegner, MJ and Dayton, PK},
  journal={Marine Ecology Progress Series},
  pages={255--268},
  year={1981},
  publisher={JSTOR}
}
@article{steneck2002kelp,
  title={Kelp forest ecosystems: biodiversity, stability, resilience and future},
  author={Steneck, Robert S and Graham, Michael H and Bourque, Bruce J and Corbett, Debbie and Erlandson, Jon M and Estes, James A and Tegner, Mia J},
  journal={Environmental conservation},
  volume={29},
  number={4},
  pages={436--459},
  year={2002},
  publisher={Cambridge University Press}
}
@article{werner1984ontogenetic,
  title={The ontogenetic niche and species interactions in size-structured populations},
  author={Werner, Earl E and Gilliam, James F},
  journal={Annual review of ecology and systematics},
  volume={15},
  number={1},
  pages={393--425},
  year={1984},
  publisher={Annual Reviews 4139 El Camino Way, PO Box 10139, Palo Alto, CA 94303-0139, USA}
}
@article{fong1998dynamic,
  title={A dynamic size-structured population model: does disturbance control size structure of a population of the massive coral Gardineroseris planulata in the Eastern Pacific?},
  author={Fong, P and Glynn, PW},
  journal={Marine biology},
  volume={130},
  number={4},
  pages={663--674},
  year={1998},
  publisher={Springer}
}
@article{jabin2008continuous,
  title={A continuous size-structured red coral growth model},
  author={Jabin, P-E and Lemesle, V and Aurelle, D},
  journal={Mathematical models and methods in applied sciences},
  volume={18},
  number={11},
  pages={1927--1944},
  year={2008},
  publisher={World Scientific}
}
@article{dube2002size,
  title={Size structure and geographic variation in chemical resistance of sea fan corals Gorgonia ventalina to a fungal pathogen},
  author={Dube, Danielle and Kim, Kiho and Alker, Alisa P and Harvell, C Drew},
  journal={Marine Ecology Progress Series},
  volume={231},
  pages={139--150},
  year={2002},
  publisher={JSTOR}
}
@article{nystrom2000coral,
  title={Coral reef disturbance and resilience in a human-dominated environment},
  author={Nystr{\"o}m, Magnus and Folke, Carl and Moberg, Fredrik},
  journal={Trends in Ecology \& Evolution},
  volume={15},
  number={10},
  pages={413--417},
  year={2000},
  publisher={Elsevier}
}
@article{batllori2017cumulative,
  title={Cumulative effects of fire and drought in Mediterranean ecosystems},
  author={Batllori, Enric and De C{\'a}ceres, Miquel and Brotons, Llu{\'\i}s and Ackerly, David D and Moritz, Max A and Lloret, Francisco},
  journal={Ecosphere},
  volume={8},
  number={8},
  year={2017},
  publisher={Wiley Online Library}
}
  
@article{turner1989predicting,
  title={Predicting the spread of disturbance across heterogeneous landscapes},
  author={Turner, Monica G and Gardner, Robert H and Dale, Virginia H and O'Neill, Robert V},
  journal={Oikos},
  pages={121--129},
  year={1989},
  publisher={JSTOR}
}

@article{savage2005resilient,
  title={How resilient are southwestern ponderosa pine forests after crown fires?},
  author={Savage, Melissa and Mast, Joy Nystrom},
  journal={Canadian Journal of Forest Research},
  volume={35},
  number={4},
  pages={967--977},
  year={2005},
  publisher={NRC Research Press}
}
@article{henderson2013carrot,
  title={Carrot or stick? Modelling how landowner behavioural responses can cause incentive-based forest governance to backfire},
  author={Henderson, Kirsten A and Anand, Madhur and Bauch, Chris T},
  journal={PloS one},
  volume={8},
  number={10},
  pages={e77735},
  year={2013},
  publisher={Public Library of Science}
}
@misc{cfia_2019, title={https://www.inspection.gc.ca/plants/plant-pests-invasive-species/insects/emerald-ash-borer/areas-regulated/eng/1347625322705/1367860339942},
institution={Canada},
author="{Canadian Food Inspection Agency (CFIA)}",
year={2019}
}
@article{poland2006emerald,
  title={Emerald ash borer: invasion of the urban forest and the threat to North America’s ash resource},
  author={Poland, Therese M and McCullough, Deborah G},
  journal={Journal of Forestry},
  volume={104},
  number={3},
  pages={118--124},
  year={2006},
  publisher={Oxford University Press Bethesda, MD}
}
@article{kovacs2014bioeconomic,
  title={A bioeconomic analysis of an emerald ash borer invasion of an urban forest with multiple jurisdictions},
  author={Kovacs, Kent F and Haight, Robert G and Mercader, Rodrigo J and McCullough, Deborah G},
  journal={Resource and Energy Economics},
  volume={36},
  number={1},
  pages={270--289},
  year={2014},
  publisher={Elsevier}
}
@article{kovacs2010cost,
  title={Cost of potential emerald ash borer damage in US communities, 2009--2019},
  author={Kovacs, Kent F and Haight, Robert G and McCullough, Deborah G and Mercader, Rodrigo J and Siegert, Nathan W and Liebhold, Andrew M},
  journal={Ecological Economics},
  volume={69},
  number={3},
  pages={569--578},
  year={2010},
  publisher={Elsevier}
}
@article{mckenney2012estimates,
  title={Estimates of the potential cost of emerald ash borer (Agrilus planipennis Fairmaire) in Canadian municipalities},
  author={McKenney, Daniel W and Pedlar, John H and Yemshanov, Denys and Campbell, Kathy L and Lawrence, Kevin},
  year={2012}
}
@article{bauch2005imitation,
  title={Imitation dynamics predict vaccinating behaviour},
  author={Bauch, Chris T},
  journal={Proceedings of the Royal Society B: Biological Sciences},
  volume={272},
  number={1573},
  pages={1669--1675},
  year={2005},
  publisher={The Royal Society London}
}
@book{hofbauer1998evolutionary,
  title={Evolutionary games and population dynamics},
  author={Hofbauer, Josef and Sigmund, Karl},
  year={1998},
  publisher={Cambridge university press}
}
@article{turgeon2015decade,
  title={Decade-Old Satellite Infestation of Anoplophora glabripennis Motschulsky (Coleoptera: Cerambycidae) Found in Ontario, Canada Outside Regulated Area of Founder Population.},
  author={Turgeon, Jean J and Orr, Mary and Grant, Cara and Wu, Yunke and Gasman, Ben},
  journal={The Coleopterists Bulletin},
  volume={69},
  number={4},
  pages={674--679},
  year={2015},
  publisher={BioOne}
}
@article{herms2014emerald,
  title={Emerald ash borer invasion of North America: history, biology, ecology, impacts, and management},
  author={Herms, Daniel A and McCullough, Deborah G},
  journal={Annual review of entomology},
  volume={59},
  pages={13--30},
  year={2014},
  publisher={Annual Reviews}
}
@book{schling,
 author = {Schling, Boris},
 title = {The Boost C++ Libraries},
 year = {2011},
 isbn = {0982219199, 9780982219195},
 publisher = {XML Press},
} 
@techreport{hagberg2008exploring,
  title={Exploring network structure, dynamics, and function using NetworkX},
  author={Hagberg, Aric and Swart, Pieter and S Chult, Daniel},
  year={2008},
  institution={Los Alamos National Lab.(LANL), Los Alamos, NM (United States)}
}
@article{weber2006,
 author  = {Weber, Laren},
 date    = {2006-06-20},
 title   = {Checkpoint tries to halt wood traffic },
 journal = {The Toledo Blade},
 url     = {https://www.toledoblade.com/frontpage/2006/06/20/Checkpoint-tries-to-halt-wood-traffic/stories/200606200044},
 year = {2006}
}
@article{yemshanov2009mapping,
  title={Mapping invasive species risks with stochastic models: a cross-border United States-Canada application for Sirex noctilio Fabricius},
  author={Yemshanov, Denys and Koch, Frank H and McKenney, Daniel W and Downing, Marla C and Sapio, Frank},
  journal={Risk Analysis: An International Journal},
  volume={29},
  number={6},
  pages={868--884},
  year={2009},
  publisher={Wiley Online Library}
}
@article{reid2017,
 author  = {Reid, Nick},
 date    = {2017-05-23},
 title   = {Roadside checkpoints to monitor illegal firewood transport in New Hampshire},
 journal = {Concord Monitor},
 url     = {https://www.concordmonitor.com/firewood-quarantine-emerald-ash-borer-2017-memorial-day-10266651},
 year = {2017}
}
@article{nearing2012,
 author  = {Nearing, Brian},
 date    = {2012-08-22},
 title   = {Checkpoint tries to halt wood traffic },
 journal = {timesunion},
 url     = {https://www.timesunion.com/local/article/Six-hit-with-firewood-violations-3808453.php},
 year = {2012}
}
@article{ludwig1978qualitative,
  title={Qualitative analysis of insect outbreak systems: the spruce budworm and forest},
  author={Ludwig, Donald and Jones, Dixon D and Holling, Crawford S and others},
  journal={Journal of animal ecology},
  volume={47},
  number={1},
  pages={315--332},
  year={1978}
}
@article{donato2013evaluating,
  title={Evaluating post-outbreak management effects on future fuel profiles and stand structure in bark beetle-impacted forests of Greater Yellowstone},
  author={Donato, Daniel C and Simard, Martin and Romme, William H and Harvey, Brian J and Turner, Monica G},
  journal={Forest Ecology and Management},
  volume={303},
  pages={160--174},
  year={2013},
  publisher={Elsevier}
}
@book{bogucki2012landscape,
  title={Landscape heterogeneity and disturbance},
  author={Bogucki, Donald J and Bormann, FH and Box, EO and Bratton, SP and Dolan, R and Dunn, CP and Forman, RTT and Gruendling, GK and Guntenspergen, GR and Hayes, TD and others},
  volume={64},
  year={2012},
  publisher={Springer Science \& Business Media}
}

@article{turner1994landscape,
  title={Landscape dynamics in crown fire ecosystems},
  author={Turner, Monica G and Romme, William H},
  journal={Landscape ecology},
  volume={9},
  number={1},
  pages={59--77},
  year={1994},
  publisher={Springer}
}
@article{allen2006stand,
  title={Stand and landscape level effects of a major outbreak of spruce beetles on forest vegetation in the Copper River Basin, Alaska},
  author={Allen, Jennifer L and Wesser, Sara and Markon, Carl J and Winterberger, Kenneth C},
  journal={Forest Ecology and Management},
  volume={227},
  number={3},
  pages={257--266},
  year={2006},
  publisher={Elsevier}
}
@article{baker1990spruce,
  title={Spruce beetles and fires in the nineteenth-century subalpine forests of western Colorado, USA},
  author={Baker, William L and Veblen, Thomas T},
  journal={Arctic and Alpine Research},
  pages={65--80},
  year={1990},
  publisher={JSTOR}
}
@article{berryman1976theoretical,
  title={Theoretical explanation of mountain pine beetle dynamics in lodgepole pine forests},
  author={Berryman, Alan A},
  journal={Environmental entomology},
  volume={5},
  number={6},
  pages={1225--1233},
  year={1976},
  publisher={Oxford University Press Oxford, UK}
}
@article{hicke2006changing,
  title={Changing temperatures influence suitability for modeled mountain pine beetle (Dendroctonus ponderosae) outbreaks in the western United States},
  author={Hicke, Jeffrey A and Logan, Jesse A and Powell, James and Ojima, Dennis S},
  journal={Journal of Geophysical Research: Biogeosciences},
  volume={111},
  number={G2},
  year={2006},
  publisher={Wiley Online Library}
}
@article{james2017lagged,
  title={Lagged cumulative spruce budworm defoliation affects the risk of fire ignition in Ontario, Canada},
  author={James, Patrick and Robert, Louis-Etienne and Wotton, B Mike and Martell, David L and Fleming, Richard A},
  journal={Ecological applications},
  volume={27},
  number={2},
  pages={532--544},
  year={2017},
  publisher={Wiley Online Library}
}
@article{simard2011mountain,
  title={Do mountain pine beetle outbreaks change the probability of active crown fire in lodgepole pine forests?},
  author={Simard, Martin and Romme, William H and Griffin, Jacob M and Turner, Monica G},
  journal={Ecological Monographs},
  volume={81},
  number={1},
  pages={3--24},
  year={2011},
  publisher={Wiley Online Library}
}
@article{cobb2017tree,
  title={Tree diseases as a cause and consequence of interacting forest disturbances},
  author={Cobb, Richard C and Metz, Margaret R},
  journal={Forests},
  volume={8},
  number={5},
  pages={147},
  year={2017},
  publisher={Multidisciplinary Digital Publishing Institute}
}
@article{allen2007interactions,
  title={Interactions across spatial scales among forest dieback, fire, and erosion in northern New Mexico landscapes},
  author={Allen, Craig D},
  journal={Ecosystems},
  volume={10},
  number={5},
  pages={797--808},
  year={2007},
  publisher={Springer}
}
@article{gower2015sequential,
  title={Sequential disturbance effects of hailstorm and fire on vegetation in a Mediterranean-type ecosystem},
  author={Gower, K and Fontaine, JB and Birnbaum, C and Enright, NJ},
  journal={Ecosystems},
  volume={18},
  number={7},
  pages={1121--1134},
  year={2015},
  publisher={Springer}
}
@book{meurant2012ecology,
  title={The ecology of natural disturbance and patch dynamics},
  author={Meurant, Gerard},
  year={2012},
  publisher={Academic press}
}
@article{peters2004cross,
  title={Cross-scale interactions, nonlinearities, and forecasting catastrophic events},
  author={Peters, Debra PC and Pielke, Roger A and Bestelmeyer, Brandon T and Allen, Craig D and Munson-McGee, Stuart and Havstad, Kris M},
  journal={Proceedings of the National Academy of Sciences of the United States of America},
  volume={101},
  number={42},
  pages={15130--15135},
  year={2004},
  publisher={National Acad Sciences}
}
@article{kane2017characterizing,
  title={Characterizing interactions between fire and other disturbances and their impacts on tree mortality in western US Forests},
  author={Kane, Jeffrey M and Varner, J Morgan and Metz, Margaret R and van Mantgem, Phillip J},
  journal={Forest Ecology and Management},
  volume={405},
  pages={188--199},
  year={2017},
  publisher={Elsevier}
}
@article{peters2011cross,
  title={Cross-system comparisons elucidate disturbance complexities and generalities},
  author={Peters, Debra PC and Lugo, Ariel E and Chapin, F Stuart and Pickett, Steward TA and Duniway, Michael and Rocha, Adrian V and Swanson, Frederick J and Laney, Christine and Jones, Julia},
  journal={Ecosphere},
  volume={2},
  number={7},
  pages={1--26},
  year={2011},
  publisher={Wiley Online Library}
}
@article{payette2000origin,
  title={Origin of the lichen woodland at its southern range limit in eastern Canada: the catastrophic impact of insect defoliators and fire on the spruce-moss forest},
  author={Payette, Serge and Bhiry, Najat and Delwaide, Ann and Simard, Martin},
  journal={Canadian Journal of Forest Research},
  volume={30},
  number={2},
  pages={288--305},
  year={2000},
  publisher={NRC Research Press}
}
@article{drever2006can,
  title={Can forest management based on natural disturbances maintain ecological resilience?},
  author={Drever, C Ronnie and Peterson, Garry and Messier, Christian and Bergeron, Yves and Flannigan, Mike},
  journal={Canadian Journal of Forest Research},
  volume={36},
  number={9},
  pages={2285--2299},
  year={2006},
  publisher={NRC Research Press}
}
@article{li1990dynamics,
  title={Dynamics of age-structured predator-prey population models},
  author={Li, Jia},
  journal={Journal of mathematical analysis and applications},
  volume={152},
  number={2},
  pages={399--415},
  year={1990},
  publisher={Elsevier}
}
@article{robertson2018matter,
  title={A matter of maturity: To delay or not to delay? Continuous-time compartmental models of structured populations in the literature 2000--2016},
  author={Robertson, Suzanne L and Henson, Shandelle M and Robertson, Timothy and Cushing, JM},
  journal={Natural Resource Modeling},
  year={2018},
  publisher={Wiley Online Library}
}
@article{li1996effects,
  title={Effects of contagious disturbance on forest temporal dynamics},
  author={Li, Chao and Apps, Michael J},
  journal={Ecological Modelling},
  volume={87},
  number={1-3},
  pages={143--151},
  year={1996},
  publisher={Elsevier}
}
@book{frelich2002forest,
  title={Forest dynamics and disturbance regimes: studies from temperate evergreen-deciduous forests},
  author={Frelich, Lee E},
  year={2002},
  publisher={Cambridge University Press}
}
@article{kuniya2014existence,
  title={Existence of a nontrivial periodic solution in an age-structured SIR epidemic model with time periodic coefficients},
  author={Kuniya, Toshikazu},
  journal={Applied Mathematics Letters},
  volume={27},
  pages={15--20},
  year={2014},
  publisher={Elsevier}
}
@article{drossel1992self,
  title={Self-organized critical forest-fire model},
  author={Drossel, Barbara and Schwabl, Franz},
  journal={Physical review letters},
  volume={69},
  number={11},
  pages={1629},
  year={1992},
  publisher={APS}
}
@article{zinck2008more,
  title={More realistic than anticipated: a classical forest-fire model from statistical physics captures real fire shapes},
  author={Zinck, RD and Grimm, V},
  journal={The Open Ecology Journal},
  volume={1},
  number={1},
  year={2008}
}
@article{lewis2010structured,
  title={A structured threshold model for mountain pine beetle outbreak},
  author={Lewis, Mark A and Nelson, William and Xu, Cailin},
  journal={Bulletin of mathematical biology},
  volume={72},
  number={3},
  pages={565--589},
  year={2010},
  publisher={Springer}
}
@article{tang2016hopf,
  title={Hopf bifurcation for a predator--prey model with age structure},
  author={Tang, Hui and Liu, Zhihua},
  journal={Applied Mathematical Modelling},
  volume={40},
  number={2},
  pages={726--737},
  year={2016},
  publisher={Elsevier}
}
@article{duncan2015model,
  title={A model for mountain pine beetle outbreaks in an age-structured forest: Predicting severity and outbreak-recovery cycle period},
  author={Duncan, Jacob P and Powell, James A and Gordillo, Luis F and Eason, Joseph},
  journal={Bulletin of mathematical biology},
  volume={77},
  number={7},
  pages={1256--1284},
  year={2015},
  publisher={Springer}
}
@article{nystrom2001spatial,
  title={Spatial resilience of coral reefs},
  author={Nystr{\"o}m, Magnus and Folke, Carl},
  journal={Ecosystems},
  volume={4},
  number={5},
  pages={406--417},
  year={2001},
  publisher={Springer}
}
@incollection{white2001search,
  title={The search for generality in studies of disturbance and ecosystem dynamics},
  author={White, Peter S and Jentsch, Anke},
  booktitle={Progress in botany},
  pages={399--450},
  year={2001},
  publisher={Springer}
}
@book{metz2014dynamics,
  title={The dynamics of physiologically structured populations},
  author={Metz, Johan A and Diekmann, Odo},
  volume={68},
  year={2014},
  publisher={Springer}
}
@book{white1985natural,
  title={Natural disturbance and patch dynamics: An introduction.},
  author={White, Peter S and Pickett, S TA},
  publisher={Springer},
  year={1985}
}
@article{bhattacharya2010oscillations,
  title={Oscillations in a size-structured prey-predator model},
  author={Bhattacharya, Souvik and Martcheva, Maia},
  journal={Mathematical biosciences},
  volume={228},
  number={1},
  pages={31--44},
  year={2010},
  publisher={Elsevier}
}
@article{barlow2014modelling,
  title={Modelling interactions between forest pest invasions and human decisions regarding firewood transport restrictions},
  author={Barlow, Lee-Ann and Cecile, Jacob and Bauch, Chris T and Anand, Madhur},
  journal={PLoS One},
  volume={9},
  number={4},
  pages={e90511},
  year={2014},
  publisher={Public Library of Science}
}
@article{alexanderian2011age,
  title={An age-structured model for the spread of epidemic cholera: analysis and simulation},
  author={Alexanderian, Alen and Gobbert, Matthias K and Fister, K Renee and Gaff, Holly and Lenhart, Suzanne and Schaefer, Elsa},
  journal={Nonlinear Analysis: Real World Applications},
  volume={12},
  number={6},
  pages={3483--3498},
  year={2011},
  publisher={Elsevier}
}
@article{peterson2002contagious,
  title={Contagious disturbance, ecological memory, and the emergence of landscape pattern},
  author={Peterson, Garry D},
  journal={Ecosystems},
  volume={5},
  number={4},
  pages={329--338},
  year={2002},
  publisher={Springer}
}


@article{blackwood2012effect,
  title={The effect of fishing on hysteresis in Caribbean coral reefs},
  author={Blackwood, Julie C and Hastings, Alan and Mumby, Peter J},
  journal={Theoretical Ecology},
  volume={5},
  number={1},
  pages={105--114},
  year={2012},
  publisher={Springer}
}
@article{tomback1995effects,
  title={The effects of blister rust on post-fire regeneration of whitebark pine: the Sundance Burn of northern Idaho (USA)},
  author={Tomback, Diana F and Clary, Jane Kees and Koehler, James and Hoff, Raymond J and Arno, Stephen F},
  journal={Conservation Biology},
  volume={9},
  number={3},
  pages={654--664},
  year={1995},
  publisher={Wiley Online Library}
}
@article{blackwood2011model,
  title={A model-based approach to determine the long-term effects of multiple interacting stressors on coral reefs},
  author={Blackwood, Julie C and Hastings, Alan and Mumby, Peter J},
  journal={Ecological Applications},
  volume={21},
  number={7},
  pages={2722--2733},
  year={2011},
  publisher={Wiley Online Library}
}
@article{raffa2008cross,
  title={Cross-scale drivers of natural disturbances prone to anthropogenic amplification: the dynamics of bark beetle eruptions},
  author={Raffa, Kenneth F and Aukema, Brian H and Bentz, Barbara J and Carroll, Allan L and Hicke, Jeffrey A and Turner, Monica G and Romme, William H},
  journal={AIBS Bulletin},
  volume={58},
  number={6},
  pages={501--517},
  year={2008},
  publisher={American Institute of Biological Sciences}
}
@article{douglas1987numerical,
  title={Numerical methods for a model of population dynamics},
  author={Douglas, J and Milner, FA},
  journal={Calcolo},
  volume={24},
  number={3-4},
  pages={247--254},
  year={1987},
  publisher={Springer}
}
@article{li2005lodgepole,
  title={Lodgepole pine forest age class dynamics and susceptibility to mountain pine beetle attack},
  author={Li, Chao and Barclay, Hugh J and Hawkes, Brad C and Taylor, SW},
  journal={Ecological Complexity},
  volume={2},
  number={3},
  pages={232--239},
  year={2005},
  publisher={Elsevier}
}
@book{thomas2013numerical,
  title={Numerical partial differential equations: finite difference methods},
  author={Thomas, James William},
  volume={22},
  year={2013},
  publisher={Springer Science \& Business Media}
}
@article{crandall1973bifurcation,
  title={Bifurcation, perturbation of simple eigenvalues, itand linearized stability},
  author={Crandall, Michael G and Rabinowitz, Paul H},
  journal={Archive for Rational Mechanics and Analysis},
  volume={52},
  number={2},
  pages={161--180},
  year={1973},
  publisher={Springer}
}
@article{stevens2002resource,
  title={Resource quantity, not resource heterogeneity, maintains plant diversity},
  author={Stevens, M Henry H and Carson, Walter P},
  journal={Ecology Letters},
  volume={5},
  number={3},
  pages={420--426},
  year={2002},
  publisher={Wiley Online Library}
}

@article{crandall1971bifurcation,
  title={Bifurcation from simple eigenvalues},
  author={Crandall, Michael G and Rabinowitz, Paul H},
  journal={Journal of Functional Analysis},
  volume={8},
  number={2},
  pages={321--340},
  year={1971},
  publisher={Elsevier}
}
@article{oliver2010heterogeneous,
  title={Heterogeneous landscapes promote population stability},
  author={Oliver, Tom and Roy, David B and Hill, Jane K and Brereton, Tom and Thomas, Chris D},
  journal={Ecology letters},
  volume={13},
  number={4},
  pages={473--484},
  year={2010},
  publisher={Wiley Online Library}
}
@article{schoolmaster2013resource,
  title={Resource competition and coexistence in heterogeneous metacommunities: many-species coexistence is unlikely to be facilitated by spatial variation in resources},
  author={Schoolmaster Jr, Donald R},
  journal={PeerJ},
  volume={1},
  pages={e136},
  year={2013},
  publisher={PeerJ Inc.}
}
@book{berger1977nonlinearity,
  title={Nonlinearity and functional analysis: lectures on nonlinear problems in mathematical analysis},
  author={Berger, Melvyn S},
  volume={74},
  year={1977},
  publisher={Academic press}
}
@book{golubitsky2012singularities,
  title={Singularities and groups in bifurcation theory},
  author={Golubitsky, Martin and Stewart, Ian and Schaeffer, David G},
  volume={2},
  year={2012},
  publisher={Springer Science \& Business Media}
}
@article{questad2008coexistence,
  title={Coexistence through spatio-temporal heterogeneity and species sorting in grassland plant communities},
  author={Questad, Erin J and Foster, Bryan L},
  journal={Ecology letters},
  volume={11},
  number={7},
  pages={717--726},
  year={2008},
  publisher={Wiley Online Library}
}
@inproceedings{safranyik2003mountain,
  title={Mountain pine beetle epidemiology in lodgepole pine},
  author={Safranyik, Les and others},
  booktitle={Mountain pine beetle symposium: Challenges and solutions},
  pages={33--40},
  year={2003}
}
@article{bcforests,
  title={British Columbia’s Forests: A Geographical Snapshot},
  author={Ministry of Sustainable Resource Management},
  year={2003},
}
@article{hicke2012effects,
  title={Effects of bark beetle-caused tree mortality on wildfire},
  author={Hicke, Jeffrey A and Johnson, Morris C and Hayes, Jane L and Preisler, Haiganoush K},
  journal={Forest Ecology and Management},
  volume={271},
  pages={81--90},
  year={2012},
  publisher={Elsevier}
}
@book{safranyik2001effects,
  title={The effects of prescribed burning on mountain pine beetle in lodgepole pine},
  author={Safranyik, Les and Linton, Douglas A and Shore, Terry L and Hawkes, BC and others},
  volume={391},
  year={2001}
}
@article{amman1998silvicultural,
  title={Silvicultural control of mountain pine beetle: prescriptions and the influence of microclimate},
  author={Amman, GD and Logan, JA},
  journal={American Entomologist},
  volume={44},
  number={3},
  pages={166--178},
  year={1998},
  publisher={Oxford University Press Oxford, UK}
}
@article{sartwell1975,
author = {Sartwell, Charles and Stevens, Robert E.},
title = {Mountain Pine Beetle in Ponderosa Pine–Prospects for Silvicultural Control in Second-Growth Stands},
journal = {Journal of Forestry},
volume = {73},
number = {3},
pages = {136-140},
year = {1975},
doi = {10.1093/jof/73.3.136},
URL = {http://dx.doi.org/10.1093/jof/73.3.136},
eprint = {/oup/backfile/content_public/journal/jof/73/3/10.1093_jof_73.3.136/2/jof0136.pdf}
}

@article{kaufmann2008status,
  title={The status of our scientific understanding of lodgepole pine and mountain pine beetles: a focus on forest ecology and fire behavior},
  author={Kaufmann, Merrill R and others},
  year={2008},
  publisher={Colorado State University. Libraries}
}

@article{axelson2009influence,
  title={Influence of fire and mountain pine beetle on the dynamics of lodgepole pine stands in British Columbia, Canada},
  author={Axelson, Jodi N and Alfaro, Ren{\'e} I and Hawkes, Brad C},
  journal={Forest Ecology and Management},
  volume={257},
  number={9},
  pages={1874--1882},
  year={2009},
  publisher={Elsevier}
}
@article{lynch2006influence,
  title={The influence of previous mountain pine beetle (Dendroctonus ponderosae) activity on the 1988 Yellowstone fires},
  author={Lynch, Heather J and Renkin, Roy A and Crabtree, Robert L and Moorcroft, Paul R},
  journal={Ecosystems},
  volume={9},
  number={8},
  pages={1318--1327},
  year={2006},
  publisher={Springer}
}

@article{simard2011mountain,
  title={Do mountain pine beetle outbreaks change the probability of active crown fire in lodgepole pine forests?},
  author={Simard, Martin and Romme, William H and Griffin, Jacob M and Turner, Monica G},
  journal={Ecological Monographs},
  volume={81},
  number={1},
  pages={3--24},
  year={2011},
  publisher={Wiley Online Library}
}
@article{bradley2001effects,
  title={Effects of fire on bark beetle presence on Jeffrey pine in the Lake Tahoe Basin},
  author={Bradley, Tim and Tueller, Paul},
  journal={Forest Ecology and Management},
  volume={142},
  number={1},
  pages={205--214},
  year={2001},
  publisher={Elsevier}
}
@article{lotan1985role,
  title={Role of fire in lodgepole pine forests},
  author={Lotan, James E and Brown, James K and Neuenschwander, Leon F},
  year={1985}
}
@article{elkin2005low,
  title={Low energy reserves and energy allocation decisions affect reproduction by mountain pine beetles, Dendroctonus ponderosae},
  author={Elkin, CM and Reid, Mary L},
  journal={Functional Ecology},
  volume={19},
  number={1},
  pages={102--109},
  year={2005},
  publisher={Wiley Online Library}
}
@article{nrcan, 
title={Mountain pine beetle (factsheet)}, 
url={http://www.nrcan.gc.ca/forests/fire-insects-disturbances/top-insects/13397},
 journal={Natural Resources Canada}, 
 publisher={Natural Resources Canada}, 
 year={2017}, 
 month={Feb}
 }
@article{kulakowski2012stand,
  title={Stand-replacing fires reduce susceptibility of lodgepole pine to mountain pine beetle outbreaks in Colorado},
  author={Kulakowski, Dominik and Jarvis, Daniel and Veblen, Thomas T and Smith, Jeremy},
  journal={Journal of Biogeography},
  volume={39},
  number={11},
  pages={2052--2060},
  year={2012},
  publisher={Wiley Online Library}
}
@article{papadopoulos2011comparative,
  title={A comparative review on wildfire simulators},
  author={Papadopoulos, George D and Pavlidou, Fotini-Niovi},
  journal={IEEE systems Journal},
  volume={5},
  number={2},
  pages={233--243},
  year={2011},
  publisher={Ieee}
}
@article{powell2009connecting,
  title={Connecting phenological predictions with population growth rates for mountain pine beetle, an outbreak insect},
  author={Powell, James A and Bentz, Barbara J},
  journal={Landscape Ecology},
  volume={24},
  number={5},
  pages={657--672},
  year={2009},
  publisher={Springer}
}
@article{buma2015disturbance,
  title={Disturbance interactions: characterization, prediction, and the potential for cascading effects},
  author={Buma, B},
  journal={Ecosphere},
  volume={6},
  number={4},
  pages={1--15},
  year={2015},
  publisher={Wiley Online Library}
}

@article{sullivan2009wildland,
  title={Wildland surface fire spread modelling, 1990--2007. 3: Simulation and mathematical analogue models},
  author={Sullivan, Andrew L},
  journal={International Journal of Wildland Fire},
  volume={18},
  number={4},
  pages={387--403},
  year={2009},
  publisher={CSIRO}
}

@article{lewis2010structured,
  title={A structured threshold model for mountain pine beetle outbreak},
  author={Lewis, Mark A and Nelson, William and Xu, Cailin},
  journal={Bulletin of mathematical biology},
  volume={72},
  number={3},
  pages={565--589},
  year={2010},
  publisher={Springer}
}

@article{coloforest,
  title={Report on the Health of Colorado's Forests},
  author={Colorado Forest Service},
  year={2016},
  publisher={Colorado Forest Service}
}
@article{gilbert2004comparison,
  title={Comparison of three models predicting developmental milestones given environmental and individual variation},
  author={Gilbert, Estella and Powell, James A and Logan, Jesse A and Bentz, Barbara J},
  journal={Bulletin of Mathematical Biology},
  volume={66},
  number={6},
  pages={1821},
  year={2004},
  publisher={Springer}
}
@article{seidl2016spatial,
  title={Spatial variability in tree regeneration after wildfire delays and dampens future bark beetle outbreaks},
  author={Seidl, Rupert and Donato, Daniel C and Raffa, Kenneth F and Turner, Monica G},
  journal={Proceedings of the National Academy of Sciences},
  pages={201615263},
  year={2016},
  publisher={National Acad Sciences}
}
@article{chen2014model,
  title={A model for coupling fire and insect outbreak in forests},
  author={Chen-Charpentier, B and Leite, MCA},
  journal={Ecological modelling},
  volume={286},
  pages={26--36},
  year={2014},
  publisher={Elsevier}
}
@article{agne2016fire,
  title={Fire severity and cumulative disturbance effects in the post-mountain pine beetle lodgepole pine forests of the Pole Creek Fire},
  author={Agne, Michelle C and Woolley, Travis and Fitzgerald, Stephen},
  journal={Forest Ecology and Management},
  volume={366},
  pages={73--86},
  year={2016},
  publisher={Elsevier}
}
@article{gilbert2004comparison,
  title={Comparison of three models predicting developmental milestones given environmental and individual variation},
  author={Gilbert, Estella and Powell, James A and Logan, Jesse A and Bentz, Barbara J},
  journal={Bulletin of Mathematical Biology},
  volume={66},
  number={6},
  pages={1821},
  year={2004},
  publisher={Springer}
}
@article{meigs2016insect,
  title={Do insect outbreaks reduce the severity of subsequent forest fires?},
  author={Meigs, Garrett W and Zald, Harold SJ and Campbell, John L and Keeton, William S and Kennedy, Robert E},
  journal={Environmental Research Letters},
  volume={11},
  number={4},
  pages={045008},
  year={2016},
  publisher={IOP Publishing}
}
@article{veblen1994disturbance,
  title={Disturbance regime and disturbance interactions in a Rocky Mountain subalpine forest},
  author={Veblen, Thomas T and Hadley, Keith S and Nel, Elizabeth M and Kitzberger, Thomas and Reid, Marion and Villalba, Ricardo},
  journal={Journal of Ecology},
  pages={125--135},
  year={1994},
  publisher={JSTOR}
}
@article{satake2007coupled,
  title={Coupled ecological--social dynamics in a forested landscape: Spatial interactions and information flow},
  author={Satake, Akiko and Leslie, Heather M and Iwasa, Yoh and Levin, Simon A},
  journal={Journal of theoretical biology},
  volume={246},
  number={4},
  pages={695--707},
  year={2007},
  publisher={Elsevier}
}
@misc{aphis,
title={Risk Assessment of the Movement of Firewood within the United States},
author={{United States Department of Agriculture Animal and Plant Health Inspection Service}},
url={https://www.aphis.usda.gov/import_export/plants/plant_imports/firewood/firewood_pathway_assessment.pdf},
year={2011}
}
@misc{omns,
title={Are you moving firewood? Important information you should read},
author="{Ontario Ministry of Natural Resources}",
url={http://www.mnr.gov.on.ca/en/Business/Forests/2ColumnSubPage/STEL02_167014.html},
year={2011}
}
@article{bentz2010climate,
  title={Climate change and bark beetles of the western United States and Canada: direct and indirect effects},
  author={Bentz, Barbara J and R{\'e}gni{\`e}re, Jacques and Fettig, Christopher J and Hansen, E Matthew and Hayes, Jane L and Hicke, Jeffrey A and Kelsey, Rick G and Negr{\'o}n, Jose F and Seybold, Steven J},
  journal={BioScience},
  volume={60},
  number={8},
  pages={602--613},
  year={2010},
  publisher={American Institute of Biological Sciences Circulation, AIBS, 1313 Dolley Madison Blvd., Suite 402, McLean, VA 22101. USA}
}
@article{powell1996local,
  title={Local projections for a global model of mountain pine beetle attacks},
  author={Powell, James A and Logan, Jesse A and Bentz, Barbara J},
  journal={Journal of Theoretical Biology},
  volume={179},
  number={3},
  pages={243--260},
  year={1996},
  publisher={Elsevier}
}
@book{safranyik2007mountain,
  title={The mountain pine beetle: a synthesis of biology, management and impacts on lodgepole pine.},
  author={Safranyik, Les and Wilson, Bill and others},
  year={2007},
  publisher={Canadian Forest Service}
}


@inproceedings{alfaro2003dendroecological,
  title={Dendroecological reconstruction of mountain pine beetle outbreaks in the Chilcotin Plateau of British Columbia},
  author={Alfaro, Ren{\'e} I and Campbell, Rochelle and Vera, Paula and Hawkes, Brad and Shore, Terry L and others},
  booktitle={Mountain Pine Beetle Symposium: Challenges and solutions. TL Shore, JE Brooks, and JE Stone (editors). Kelowna, BC},
  pages={245--256},
  year={2003}
}
@article{jacobi2011firewood,
  title={Firewood transport by national and state park campers: a risk for native or exotic tree pest movement},
  author={Jacobi, WR and Goodrich, BA and Cleaver, CM and others},
  journal={Arboriculture and Urban Forestry},
  volume={37},
  number={3},
  pages={126},
  year={2011}
}
@article{jacobi2012retail,
  title={Retail firewood can transport live tree pests},
  author={Jacobi, William R and Hardin, JG and Goodrich, BA and Cleaver, CM},
  journal={Journal of economic entomology},
  volume={105},
  number={5},
  pages={1645--1658},
  year={2012},
  publisher={Oxford University Press Oxford, UK}
}
@article{cappaert2005emerald,
  title={Emerald ash borer in North America: a research and regulatory challenge},
  author={Cappaert, David and McCullough, Deborah G and Poland, Therese M and Siegert, Nathan W},
  journal={American Entomologist. 51 (3): 152-165.},
  volume={51},
  number={3},
  year={2005}
}
@article{allen2002nonindigenous,
  title={Nonindigenous species introductions: a threat to Canada's forests and forest economy1},
  author={Allen, EA and Humble, LM},
  journal={Canadian Journal of Plant Pathology},
  volume={24},
  number={2},
  pages={103--110},
  year={2002},
  publisher={Taylor \& Francis}
}
@article{pimentel2005update,
  title={Update on the environmental and economic costs associated with alien-invasive species in the United States},
  author={Pimentel, David and Zuniga, Rodolfo and Morrison, Doug},
  journal={Ecological economics},
  volume={52},
  number={3},
  pages={273--288},
  year={2005},
  publisher={Elsevier}
}

@article{liu2011simulating,
  title={Simulating the impacts of disturbances on forest carbon cycling in North America: Processes, data, models, and challenges},
  author={Liu, Shuguang and Bond-Lamberty, Ben and Hicke, Jeffrey A and Vargas, Rodrigo and Zhao, Shuqing and Chen, Jing and Edburg, Steven L and Hu, Yueming and Liu, Jinxun and McGuire, A David and others},
  journal={Journal of Geophysical Research: Biogeosciences},
  volume={116},
  number={G4},
  year={2011},
  publisher={Wiley Online Library}
}
@article{duncan2015model,
  title={A model for mountain pine beetle outbreaks in an age-structured forest: Predicting severity and outbreak-recovery cycle period},
  author={Duncan, Jacob P and Powell, James A and Gordillo, Luis F and Eason, Joseph},
  journal={Bulletin of mathematical biology},
  volume={77},
  number={7},
  pages={1256--1284},
  year={2015},
  publisher={Springer}
}
@article{keyfitz1997mckendrick,
  title={The McKendrick partial differential equation and its uses in epidemiology and population study},
  author={Keyfitz, Barbara Lee and Keyfitz, Nathan},
  journal={Mathematical and Computer Modelling},
  volume={26},
  number={6},
  pages={1--9},
  year={1997},
  publisher={Elsevier}
}
@article{bentz2010climate,
  title={Climate change and bark beetles of the western United States and Canada: direct and indirect effects},
  author={Bentz, Barbara J and R{\'e}gni{\`e}re, Jacques and Fettig, Christopher J and Hansen, E Matthew and Hayes, Jane L and Hicke, Jeffrey A and Kelsey, Rick G and Negr{\'o}n, Jose F and Seybold, Steven J},
  journal={BioScience},
  volume={60},
  number={8},
  pages={602--613},
  year={2010},
  publisher={American Institute of Biological Sciences Circulation, AIBS, 1313 Dolley Madison Blvd., Suite 402, McLean, VA 22101. USA}
}
@article{koch2014using,
  title={Using a network model to assess risk of forest pest spread via recreational travel},
  author={Koch, Frank H and Yemshanov, Denys and Haack, Robert A and Magarey, Roger D},
  journal={PloS one},
  volume={9},
  number={7},
  pages={e102105},
  year={2014},
  publisher={Public Library of Science}
}
@article{ali2015coupled,
  title={Coupled Human-Environment Dynamics of Forest Pest Spread and Control in a Multi-Patch, Stochastic Setting},
  author={Ali, Qasim and Bauch, Chris T and Anand, Madhur},
  journal={PloS one},
  volume={10},
  number={10},
  pages={e0139353},
  year={2015},
  publisher={Public Library of Science}
}
@article{seidl2017forest,
  title={Forest disturbances under climate change},
  author={Seidl, Rupert and Thom, Dominik and Kautz, Markus and Martin-Benito, Dario and Peltoniemi, Mikko and Vacchiano, Giorgio and Wild, Jan and Ascoli, Davide and Petr, Michal and Honkaniemi, Juha and others},
  journal={Nature climate change},
  volume={7},
  number={6},
  pages={395},
  year={2017},
  publisher={Nature Publishing Group}
}@inproceedings{safranyik2003mountain,
  title={Mountain pine beetle epidemiology in lodgepole pine},
  author={Safranyik, Les and others},
  booktitle={Mountain pine beetle symposium: Challenges and solutions},
  pages={33--40},
  year={2003}
}
@misc{bc2010state,
  title={The State of British Columbia’s Forests, 3rd ed.},
  author="{BC Ministry of Forests, Mines and Lands}",
  year={2010},
  publisher={Forest Practices and Investment Branch Victoria, British Columbia, Canada}
}

@inproceedings{agee1996influence,
  title={The influence of forest structure on fire behavior},
  author={Agee, James K},
  booktitle={Proceedings of the 17th annual forest vegetation management conference},
  pages={52--68},
  year={1996},
  organization={University of California, Shasta County Cooperative Extension Redding, CA}
}
@article{wagner1977conditions,
  title={Conditions for the start and spread of crown fire},
  author={Wagner, CE Van},
  journal={Canadian Journal of Forest Research},
  volume={7},
  number={1},
  pages={23--34},
  year={1977},
  publisher={NRC Research Press}
}
@article{wagner1978age,
  title={Age-class distribution and the forest fire cycle},
  author={Wagner, CE Van},
  journal={Canadian Journal of Forest Research},
  volume={8},
  number={2},
  pages={220--227},
  year={1978},
  publisher={NRC Research Press}
}
@article{norris2008mountain,
  title={Mountain pine beetle presence affects nest patch choice of red-breasted nuthatches},
  author={Norris, Andrea R and Martin, Kathy},
  journal={The Journal of Wildlife Management},
  volume={72},
  number={3},
  pages={733--737},
  year={2008},
  publisher={Wiley Online Library}
}
@article{powell2002measuring,
  title={Measuring woodpecker food: a simple method for comparing wood-boring beetle abundance among fire-killed trees},
  author={Powell, Hugh DW and Hejl, Sallie J and Six, Diana L},
  journal={Journal of Field Ornithology},
  volume={73},
  number={2},
  pages={130--140},
  year={2002},
  publisher={BioOne}
}
@article{edworthy2011woodpeckers,
  title={Woodpeckers increase in abundance but maintain fecundity in response to an outbreak of mountain pine bark beetles},
  author={Edworthy, Amanda B and Drever, Mark C and Martin, Kathy},
  journal={Forest Ecology and Management},
  volume={261},
  number={2},
  pages={203--210},
  year={2011},
  publisher={Elsevier}
}
@book{beal1911food,
  title={Food of the woodpeckers of the United States},
  author={Beal, Foster Ellenborough Lascelles},
  number={37},
  year={1911},
  publisher={US Department of Agriculture, Biological Survey}
}
@article{leatherman2012mountain,
  title={Mountain pine beetle},
  author={Leatherman, Dave and Aguayo, I and Mehall, TM},
  journal={Colorado Birds},
  pages={33},
  year={2012}
}
@inproceedings{taylor2003disturbance,
  title={Disturbance, forest age, and mountain pine beetle outbreak dynamics in BC: A historical perspective},
  author={Taylor, Stephen W and Carroll, Allan L and others},
  booktitle={Mountain pine beetle symposium: Challenges and solutions},
  volume={3031},
  year={2003},
  organization={Natural Resources Canada, Canadian Forest Service, Pacific Forestry Centre~…}
}
@article{negron2017large,
  title={Large-scale thinnings, ponderosa pine, and mountain pine beetle in the Black Hills, USA},
  author={Negr{\'o}n, Jos{\'e} F and Allen, Kurt K and Ambourn, Angie and Cook, Blaine and Marchand, Kenneth},
  journal={Forest Science},
  volume={63},
  number={5},
  pages={529--536},
  year={2017},
  publisher={Oxford University Press Oxford, UK}
}
@article{rota2014role,
  title={The role of wildfire, prescribed fire, and mountain pine beetle infestations on the population dynamics of Black-backed Woodpeckers in the Black Hills, South Dakota},
  author={Rota, Christopher T and Millspaugh, Joshua J and Rumble, Mark A and Lehman, Chad P and Kesler, Dylan C},
  journal={PloS one},
  volume={9},
  number={4},
  year={2014},
  publisher={Public Library of Science}
}
@article{westerling2006warming,
  title={Warming and earlier spring increase western US forest wildfire activity},
  author={Westerling, Anthony L and Hidalgo, Hugo G and Cayan, Daniel R and Swetnam, Thomas W},
  journal={science},
  volume={313},
  number={5789},
  pages={940--943},
  year={2006},
  publisher={American Association for the Advancement of Science}
}

@article{JENKINS200816,
title = {Bark beetles, fuels, fires and implications for forest management in the Intermountain West},
journal = {Forest Ecology and Management},
volume = {254},
number = {1},
pages = {16-34},
year = {2008},
issn = {0378-1127},
doi = {https://doi.org/10.1016/j.foreco.2007.09.045},
url = {https://www.sciencedirect.com/science/article/pii/S037811270700713X},
author = {Michael J. Jenkins and Elizabeth Hebertson and Wesley Page and C. Arik Jorgensen},
keywords = {Disturbance ecology, Fire behavior prediction, Bark beetle ecology, Fuels, Bark beetle-affected fuels, Forest health, Forest management, Forest entomology},
abstract = {Bark beetle-caused tree mortality in conifer forests affects the quantity and quality of forest fuels and has long been assumed to increase fire hazard and potential fire behavior. In reality, bark beetles, and their effects on fuel accumulation, and subsequent fire hazard, are poorly understood. We extensively sampled fuels in three bark beetle-affected Intermountain conifer forests and compared these data to existing research on bark beetle/fuels/fire interactions within the context of the disturbance regime. Data were collected in endemic, epidemic and post-epidemic stands of Douglas-fir, lodgepole pine and Engelmann spruce. From these data, we evaluated the influence of bark beetle-caused tree mortality on various fuels characteristics over the course of a bark beetle rotation. The data showed that changes in fuels over time create periods where the potential for high intensity and/or severe fires increases or decreases. The net result of bark beetle epidemics was a substantial change in species composition and a highly altered fuels complex. Early in epidemics there is a net increase in the amount of fine surface fuels when compared to endemic stands. In post-epidemic stands large, dead, woody fuels, and live surface fuels dominate. We then discuss potential fire behavior in bark beetle-affected conifer fuels based on actual and simulated fuels data. Results indicated that for surface fires both rates of fire spread and fireline intensities were higher in the current epidemic stands than in the endemic stands. Rates of spread and fireline intensities were higher in epidemic stands due, however, to decreased vegetative sheltering and its effect on mid-flame wind speed, rather than changes in fuels. Passive crown fires were more likely in post-epidemic stands, but active crown fires were less likely due to decreased aerial fuel continuity. We also discuss the ecological effects of extreme fire behavior. Information is presented on managing forests to reduce the impact of bark beetle outbreaks and the interplay between management, bark beetle populations, fuels and fire hazard and behavior.}
}
@article{despain1991ecowgy,
  title={ECOWGY AND MANAGEMENT OF HIGH-INTENSITY FIRES IN YELWWSTONE NATIONAL PARK},
  author={Despain, Don G and Romme, William H}
}
@article{boyd1999indians,
  title={Indians, fire and the land},
  author={Boyd, Robert}
}
@article{jenkins2012fuels,
  title={Fuels and fire behavior dynamics in bark beetle-attacked forests in Western North America and implications for fire management},
  author={Jenkins, Michael J and Page, Wesley G and Hebertson, Elizabeth G and Alexander, Martin E},
  journal={Forest Ecology and Management},
  volume={275},
  pages={23--34},
  year={2012},
  publisher={Elsevier}
}
@article{zwolak2009meta,
  title={A meta-analysis of the effects of wildfire, clearcutting, and partial harvest on the abundance of North American small mammals},
  author={Zwolak, Rafa{\l}},
  journal={Forest Ecology and Management},
  volume={258},
  number={5},
  pages={539--545},
  year={2009},
  publisher={Elsevier}
}
@article{zwolak2008deer,
  title={Deer mouse demography in burned and unburned forest: no evidence for source--sink dynamics},
  author={Zwolak, Rafa{\l} and Foresman, Kerry R},
  journal={Canadian Journal of Zoology},
  volume={86},
  number={2},
  pages={83--91},
  year={2008},
  publisher={NRC Research Press}
}
@article{barrett1982indian,
  title={Indian fires as an ecological influence in the northern Rockies},
  author={Barrett, Stephen W and Arno, Stephen F},
  journal={Journal of Forestry},
  volume={80},
  number={10},
  pages={647--651},
  year={1982},
  publisher={Oxford University Press}
}
@article{moran2012mountain,
  title={Do mountain pine beetle outbreaks change the probability of active crown fire in lodgepole pine forests? Comment},
  author={Moran, Christopher J and Cochrane, Mark A},
  journal={Ecology},
  volume={93},
  number={4},
  pages={939--941},
  year={2012},
  publisher={Ecological Society of America}
}
@article{simard2012mountain,
  title={Do mountain pine beetle outbreaks change the probability of active crown fire in lodgepole pine forests? Reply},
  author={Simard, Martin and Romme, William H and Griffin, Jacob M and Turner, Monica G},
  journal={Ecology},
  volume={93},
  number={4},
  pages={946--950},
  year={2012},
  publisher={Ecological Society of America}
}
@article{hicke2012effects,
  title={Effects of bark beetle-caused tree mortality on wildfire},
  author={Hicke, Jeffrey A and Johnson, Morris C and Hayes, Jane L and Preisler, Haiganoush K},
  journal={Forest Ecology and Management},
  volume={271},
  pages={81--90},
  year={2012},
  publisher={Elsevier}
}
@article{casagrandi1999minimal,
  title={A minimal model for forest fire regimes},
  author={Casagrandi, Renato and Rinaldi, Sergio},
  journal={The American Naturalist},
  volume={153},
  number={5},
  pages={527--539},
  year={1999},
  publisher={The University of Chicago Press}
}
@phdthesis{lynch2006spatiotemporal,
  title={Spatiotemporal dynamics of insect-fire interactions},
  author={Lynch, Heather Joan},
  year={2006},
  school={Harvard University}
}

@article{strohm2016impacts,
  title={Impacts of management on Mountain Pine Beetle spread and damage: A process-rich model},
  author={Strohm, S and Reid, ML and Tyson, RC},
  journal={Ecological Modelling},
  volume={337},
  pages={241--252},
  year={2016},
  publisher={Elsevier}
}
@article{hawksworth1964diseases,
  title={Diseases of lodgepole pine},
  author={Hawksworth, Frank G},
  journal={In: Proceedings, Society of American Foresters, Division of Forest Management; Denver, Colorado; 1964. Society of American Foresters. p. 125-127.},
  pages={125--127},
  year={1964}
}
@article{field2012demographic,
  title={Demographic projection of high-elevation white pines infected with white pine blister rust: a nonlinear disease model},
  author={Field, SG and Schoettle, AW and Klutsch, JG and Tavener, SJ and Antolin, MF},
  journal={Ecological Applications},
  volume={22},
  number={1},
  pages={166--183},
  year={2012},
  publisher={Wiley Online Library}
}
@book{edelstein1988mathematical,
  title={Mathematical models in biology},
  author={Edelstein-Keshet, Leah},
  volume={46},
  year={1988},
  publisher={SIAM}
}

@book{safranyik2001effects,
  title={The effects of prescribed burning on mountain pine beetle in lodgepole pine},
  author={Safranyik, Les and Linton, Douglas A and Shore, Terry L and Hawkes, BC and others},
  volume={391},
  year={2001},
  publisher = {Pacific Forestry Centre}
}
@article{amman1998silvicultural,
  title={Silvicultural control of mountain pine beetle: prescriptions and the influence of microclimate},
  author={Amman, GD and Logan, JA},
  journal={American Entomologist},
  volume={44},
  number={3},
  pages={166--178},
  year={1998},
  publisher={Oxford University Press Oxford, UK}
}
@article{sartwell1975,
author = {Sartwell, Charles and Stevens, Robert E.},
title = {Mountain Pine Beetle in Ponderosa Pine–Prospects for Silvicultural Control in Second-Growth Stands},
journal = {Journal of Forestry},
volume = {73},
number = {3},
pages = {136-140},
year = {1975},
doi = {10.1093/jof/73.3.136},
URL = {http://dx.doi.org/10.1093/jof/73.3.136},
eprint = {/oup/backfile/content_public/journal/jof/73/3/10.1093_jof_73.3.136/2/jof0136.pdf}
}
@article{kaufmann2008status,
  title={The status of our scientific understanding of lodgepole pine and mountain pine beetles-a focus on forest ecology and fire behavior},
  author={Kaufmann, Merrill R and Aplet, Gregory H and Babler, Michael G and Baker, William L and Bentz, Barbara and Harrington, Michael and Hawkes, Brad C and Huckaby, Laurie Stroh and Jenkins, Michael J and Kashian, Daniel M and others},
  journal={GFI technical report 2008-2. Arlington, VA: The Nature Conservancy. 13 p.},
  year={2008}
}

@article{axelson2009influence,
  title={Influence of fire and mountain pine beetle on the dynamics of lodgepole pine stands in British Columbia, Canada},
  author={Axelson, Jodi N and Alfaro, Ren{\'e} I and Hawkes, Brad C},
  journal={Forest Ecology and Management},
  volume={257},
  number={9},
  pages={1874--1882},
  year={2009},
  publisher={Elsevier}
}
@article{lynch2006influence,
  title={The influence of previous mountain pine beetle (Dendroctonus ponderosae) activity on the 1988 Yellowstone fires},
  author={Lynch, Heather J and Renkin, Roy A and Crabtree, Robert L and Moorcroft, Paul R},
  journal={Ecosystems},
  volume={9},
  number={8},
  pages={1318--1327},
  year={2006},
  publisher={Springer}
}

@article{simard2011mountain,
  title={Do mountain pine beetle outbreaks change the probability of active crown fire in lodgepole pine forests?},
  author={Simard, Martin and Romme, William H and Griffin, Jacob M and Turner, Monica G},
  journal={Ecological Monographs},
  volume={81},
  number={1},
  pages={3--24},
  year={2011},
  publisher={Wiley Online Library}
}
@article{bradley2001effects,
  title={Effects of fire on bark beetle presence on Jeffrey pine in the Lake Tahoe Basin},
  author={Bradley, Tim and Tueller, Paul},
  journal={Forest Ecology and Management},
  volume={142},
  number={1},
  pages={205--214},
  year={2001},
  publisher={Elsevier}
}
@article{lotan1985role,
  title={Role of fire in lodgepole pine forests},
  author={Lotan, James E and Brown, James K and Neuenschwander, Leon F},
  year={1985}
}
@article{elkin2005low,
  title={Low energy reserves and energy allocation decisions affect reproduction by mountain pine beetles, Dendroctonus ponderosae},
  author={Elkin, CM and Reid, Mary L},
  journal={Functional Ecology},
  volume={19},
  number={1},
  pages={102--109},
  year={2005},
  publisher={Wiley Online Library}
}
@article{axelson2010changes,
  title={Changes in stand structure in uneven-aged lodgepole pine stands impacted by mountain pine beetle epidemics and fires in central British Columbia},
  author={Axelson, Jodi N and Alfaro, Ren{\'e} I and Hawkes, Brad C},
  journal={The Forestry Chronicle},
  volume={86},
  number={1},
  pages={87--99},
  year={2010},
  publisher={NRC Research Press Ottawa, Canada}
}

@article{kulakowski2012stand,
  title={Stand-replacing fires reduce susceptibility of lodgepole pine to mountain pine beetle outbreaks in Colorado},
  author={Kulakowski, Dominik and Jarvis, Daniel and Veblen, Thomas T and Smith, Jeremy},
  journal={Journal of Biogeography},
  volume={39},
  number={11},
  pages={2052--2060},
  year={2012},
  publisher={Wiley Online Library}
}
@article{papadopoulos2011comparative,
  title={A comparative review on wildfire simulators},
  author={Papadopoulos, George D and Pavlidou, Fotini-Niovi},
  journal={IEEE systems Journal},
  volume={5},
  number={2},
  pages={233--243},
  year={2011},
  publisher={Ieee}
}
@article{barlow2014modelling,
  title={Modelling interactions between forest pest invasions and human decisions regarding firewood transport restrictions},
  author={Barlow, Lee-Ann and Cecile, Jacob and Bauch, Chris T and Anand, Madhur},
  journal={PloS one},
  volume={9},
  number={4},
  pages={e90511},
  year={2014},
  publisher={Public Library of Science}
}

@article{powell2009connecting,
  title={Connecting phenological predictions with population growth rates for mountain pine beetle, an outbreak insect},
  author={Powell, James A and Bentz, Barbara J},
  journal={Landscape Ecology},
  volume={24},
  number={5},
  pages={657--672},
  year={2009},
  publisher={Springer}
}
@article{buma2015disturbance,
  title={Disturbance interactions: characterization, prediction, and the potential for cascading effects},
  author={Buma, B},
  journal={Ecosphere},
  volume={6},
  number={4},
  pages={1--15},
  year={2015},
  publisher={Wiley Online Library}
}

@article{sullivan2009wildland,
  title={Wildland surface fire spread modelling, 1990--2007. 3: Simulation and mathematical analogue models},
  author={Sullivan, Andrew L},
  journal={International Journal of Wildland Fire},
  volume={18},
  number={4},
  pages={387--403},
  year={2009},
  publisher={CSIRO}
}

@article{hethcote2000mathematics,
  title={The mathematics of infectious diseases},
  author={Hethcote, Herbert W},
  journal={SIAM review},
  volume={42},
  number={4},
  pages={599--653},
  year={2000},
  publisher={SIAM}
}

@article{lewis2010structured,
  title={A structured threshold model for mountain pine beetle outbreak},
  author={Lewis, Mark A and Nelson, William and Xu, Cailin},
  journal={Bulletin of mathematical biology},
  volume={72},
  number={3},
  pages={565--589},
  year={2010},
  publisher={Springer}
}

@article{coloforest,
  title={Report on the Health of Colorado's Forests},
  author={Colorado Forest Service},
  year={2016},
  publisher={Colorado Forest Service}
}
@article{gilbert2004comparison,
  title={Comparison of three models predicting developmental milestones given environmental and individual variation},
  author={Gilbert, Estella and Powell, James A and Logan, Jesse A and Bentz, Barbara J},
  journal={Bulletin of Mathematical Biology},
  volume={66},
  number={6},
  pages={1821},
  year={2004},
  publisher={Springer}
}
@article{seidl2016spatial,
  title={Spatial variability in tree regeneration after wildfire delays and dampens future bark beetle outbreaks},
  author={Seidl, Rupert and Donato, Daniel C and Raffa, Kenneth F and Turner, Monica G},
  journal={Proceedings of the National Academy of Sciences},
  pages={201615263},
  year={2016},
  publisher={National Acad Sciences}
}
@article{chen2014model,
  title={A model for coupling fire and insect outbreak in forests},
  author={Chen-Charpentier, B and Leite, MCA},
  journal={Ecological modelling},
  volume={286},
  pages={26--36},
  year={2014},
  publisher={Elsevier}
}
@article{agne2016fire,
  title={Fire severity and cumulative disturbance effects in the post-mountain pine beetle lodgepole pine forests of the Pole Creek Fire},
  author={Agne, Michelle C and Woolley, Travis and Fitzgerald, Stephen},
  journal={Forest Ecology and Management},
  volume={366},
  pages={73--86},
  year={2016},
  publisher={Elsevier}
}
@article{meigs2016insect,
  title={Do insect outbreaks reduce the severity of subsequent forest fires?},
  author={Meigs, Garrett W and Zald, Harold SJ and Campbell, John L and Keeton, William S and Kennedy, Robert E},
  journal={Environmental Research Letters},
  volume={11},
  number={4},
  pages={045008},
  year={2016},
  publisher={IOP Publishing}
}
@article{veblen1994disturbance,
  title={Disturbance regime and disturbance interactions in a Rocky Mountain subalpine forest},
  author={Veblen, Thomas T and Hadley, Keith S and Nel, Elizabeth M and Kitzberger, Thomas and Reid, Marion and Villalba, Ricardo},
  journal={Journal of Ecology},
  pages={125--135},
  year={1994},
  publisher={JSTOR}
}

@article{bentz2010climate,
  title={Climate change and bark beetles of the western United States and Canada: direct and indirect effects},
  author={Bentz, Barbara J and R{\'e}gni{\`e}re, Jacques and Fettig, Christopher J and Hansen, E Matthew and Hayes, Jane L and Hicke, Jeffrey A and Kelsey, Rick G and Negr{\'o}n, Jose F and Seybold, Steven J},
  journal={BioScience},
  volume={60},
  number={8},
  pages={602--613},
  year={2010},
  publisher={American Institute of Biological Sciences Circulation, AIBS, 1313 Dolley Madison Blvd., Suite 402, McLean, VA 22101. USA}
}
@article{powell1996local,
  title={Local projections for a global model of mountain pine beetle attacks},
  author={Powell, James A and Logan, Jesse A and Bentz, Barbara J},
  journal={Journal of Theoretical Biology},
  volume={179},
  number={3},
  pages={243--260},
  year={1996},
  publisher={Elsevier}
}
@book{safranyik2007mountain,
  title={The mountain pine beetle: a synthesis of biology, management and impacts on lodgepole pine.},
  author={Safranyik, Les and Wilson, Bill and others},
  year={2007},
  publisher={Canadian Forest Service}
}
@article{ludwig1978qualitative,
  title={Qualitative analysis of insect outbreak systems: the spruce budworm and forest},
  author={Ludwig, Donald and Jones, Dixon D and Holling, Crawford S},
  journal={The Journal of Animal Ecology},
  pages={315--332},
  year={1978},
  publisher={JSTOR}
}

@article{ali2015coupled,
  title={Coupled Human-Environment Dynamics of Forest Pest Spread and Control in a Multi-Patch, Stochastic Setting},
  author={Ali, Qasim and Bauch, Chris T and Anand, Madhur},
  journal={PloS one},
  volume={10},
  number={10},
  pages={e0139353},
  year={2015},
  publisher={Public Library of Science}
}

@inproceedings{alfaro2003dendroecological,
  title={Dendroecological reconstruction of mountain pine beetle outbreaks in the Chilcotin Plateau of British Columbia},
  author={Alfaro, Ren{\'e} I and Campbell, Rochelle and Vera, Paula and Hawkes, Brad and Shore, Terry L and others},
  booktitle={Mountain Pine Beetle Symposium: Challenges and solutions. TL Shore, JE Brooks, and JE Stone (editors). Kelowna, BC},
  pages={245--256},
  year={2003}
}

@phdthesis{peterson1999contagious,
  title={Contagious disturbance and ecological resilience},
  author={Peterson, Garry D},
  year={1999},
  school={State University System of Florida}
}


@article{liu2011simulating,
  title={Simulating the impacts of disturbances on forest carbon cycling in North America: Processes, data, models, and challenges},
  author={Liu, Shuguang and Bond-Lamberty, Ben and Hicke, Jeffrey A and Vargas, Rodrigo and Zhao, Shuqing and Chen, Jing and Edburg, Steven L and Hu, Yueming and Liu, Jinxun and McGuire, A David and others},
  journal={Journal of Geophysical Research: Biogeosciences},
  volume={116},
  number={G4},
  year={2011},
  publisher={Wiley Online Library}
}
@article{duncan2015model,
  title={A model for mountain pine beetle outbreaks in an age-structured forest: Predicting severity and outbreak-recovery cycle period},
  author={Duncan, Jacob P and Powell, James A and Gordillo, Luis F and Eason, Joseph},
  journal={Bulletin of mathematical biology},
  volume={77},
  number={7},
  pages={1256--1284},
  year={2015},
  publisher={Springer}
}
@article{lee2012mathematical,
  title={A mathematical model of human papillomavirus (HPV) in the United States and its impact on cervical cancer},
  author={Lee, Shernita L and Tameru, Ana M},
  journal={Journal of Cancer},
  volume={3},
  pages={262},
  year={2012},
  publisher={Ivyspring International Publisher}
}
@article{chitnis2006bifurcation,
  title={Bifurcation analysis of a mathematical model for malaria transmission},
  author={Chitnis, Nakul and Cushing, Jim M and Hyman, JM},
  journal={SIAM Journal on Applied Mathematics},
  volume={67},
  number={1},
  pages={24--45},
  year={2006},
  publisher={SIAM}
}
@article{chen2021age,
  title={Age-Stratified COVID-19 Spread Analysis and Vaccination: A Multitype Random Network Approach},
  author={Chen, Xianhao and Zhu, Guangyu and Zhang, Lan and Fang, Yuguang and Guo, Linke and Chen, Xinguang},
  journal={IEEE Transactions on Network Science and Engineering},
  year={2021},
  publisher={IEEE}
}
@article{lloyd1966periodical,
  title={The periodical cicada problem. I. Population ecology},
  author={Lloyd, Monte and Dybas, Henry S},
  journal={Evolution},
  volume={20},
  number={2},
  pages={133--149},
  year={1966},
  publisher={Wiley Online Library}
}
@misc{bowleg2020we,
  title={We’re not all in this together: on COVID-19, intersectionality, and structural inequality},
  author={Bowleg, Lisa},
  year={2020},
  publisher={American Public Health Association}
}
@article{tuyisenge2021covid,
  title={COVID-19, structural racism, and migrant health in Canada},
  author={Tuyisenge, Germaine and Goldenberg, Shira M},
  journal={The Lancet},
  volume={397},
  number={10275},
  pages={650--652},
  year={2021},
  publisher={Elsevier}
}
@article{anyane2020racial,
  title={Racial disparities in COVID-19 deaths reveal harsh truths about structural inequality in America},
  author={Anyane-Yeboa, Adjoa and Sato, Toshiro and Sakuraba, Atsushi},
  journal={Journal of internal medicine},
  volume={288},
  number={4},
  pages={479--480},
  year={2020},
  publisher={Wiley Online Library}
}
@article{horse2021structural,
  title={Structural inequalities established the architecture for COVID-19 pandemic among native Americans in Arizona: a geographically weighted regression perspective},
  author={Horse, Aggie J Yellow and Yang, Tse-Chuan and Huyser, Kimberly R},
  journal={Journal of Racial and Ethnic Health Disparities},
  pages={1--11},
  year={2021},
  publisher={Springer}
}
@article{wang2020health,
  title={Health care and mental health challenges for transgender individuals during the COVID-19 pandemic},
  author={Wang, Yuanyuan and Pan, Bailin and Liu, Ye and Wilson, Amanda and Ou, Jianjun and Chen, Runsen},
  journal={The Lancet Diabetes \& Endocrinology},
  volume={8},
  number={7},
  pages={564--565},
  year={2020},
  publisher={Elsevier}
}

@article{harris2020civil,
  title={The civil rights of health: A new approach to challenging structural inequality},
  author={Harris, Angela P and Pamukcu, Aysha},
  journal={UCLA L. Rev.},
  volume={67},
  pages={758},
  year={2020},
  publisher={HeinOnline}
}
@book{royce2018poverty,
  title={Poverty and power: The problem of structural inequality},
  author={Royce, Edward},
  year={2018},
  publisher={Rowman \& Littlefield}
}


@article{rahman2018constructing,
  title={Constructing and contesting structural inequality},
  author={Rahman, K Sabeel},
  journal={Critical Analysis of Law},
  volume={5},
  year={2018}
}

@article{duan2018progress,
  title={Progress and challenges of protecting North American ash trees from the emerald ash borer using biological control},
  author={Duan, Jian J and Bauer, Leah S and Van Driesche, Roy G and Gould, Juli R},
  journal={Forests},
  volume={9},
  number={3},
  pages={142},
  year={2018},
  publisher={Multidisciplinary Digital Publishing Institute}
}

@article{lancet2020plight,
  title={The plight of essential workers during the COVID-19 pandemic},
  author={Lancet, The},
  journal={Lancet (London, England)},
  volume={395},
  number={10237},
  pages={1587},
  year={2020},
  publisher={Elsevier}
}

@article{yaya2020ethnic,
  title={Ethnic and racial disparities in COVID-19-related deaths: counting the trees, hiding the forest},
  author={Yaya, Sanni and Yeboah, Helena and Charles, Carlo Handy and Otu, Akaninyene and Labonte, Ronald},
  journal={BMJ Global Health},
  volume={5},
  number={6},
  pages={e002913},
  year={2020},
  publisher={BMJ Specialist Journals}
}
@misc{ontariosickleave,
  title={Paid Sick Leave in Ontario for Reasons Related to {COVID}-19},
  author={Anadarajah, Alexandra and Fusco Alessandra, and Shaw, Andrew},
  url={https://www.labourandemploymentlaw.com/2021/04/paid-sick-leave-in-ontario-for-reasons-related-to-covid-19/},
  year={2021}
}
@article{mamelund2021social,
  title={Social Disparities in Adopting Non-pharmaceutical Interventions During COVID-19},
  author={Mamelund, Svenn-Erik and Dimka, Jessica and Bakkeli, Nan Zou},
  journal={Journal of Developing Societies},
  pages={0169796X21996858},
  year={2021},
  publisher={SAGE Publications Sage India: New Delhi, India}
}
@article{chen2021revealing,
  title={Revealing the unequal burden of COVID-19 by income, race/ethnicity, and household crowding: US county versus zip code analyses},
  author={Chen, Jarvis T and Krieger, Nancy},
  journal={Journal of Public Health Management and Practice},
  volume={27},
  number={1},
  pages={S43--S56},
  year={2021},
  publisher={Wolters Kluwer}
}
@inproceedings{chen2020covid,
  title={COVID-19 and the unequal surge in mortality rates in Massachusetts, by city/town and ZIP Code measures of poverty, household crowding, race/ethnicity, and racialized economic segregation},
  author={Chen, Jarvis T and Waterman, Pamela D and Krieger, Nancy},
  booktitle={Harvard Center for Population and Development Studies},
  year={2020},
  organization={Harvard Center for Population and Development Studies}
}

@article{jay2020neighbourhood,
  title={Neighbourhood income and physical distancing during the COVID-19 pandemic in the United States},
  author={Jay, Jonathan and Bor, Jacob and Nsoesie, Elaine O and Lipson, Sarah K and Jones, David K and Galea, Sandro and Raifman, Julia},
  journal={Nature human behaviour},
  volume={4},
  number={12},
  pages={1294--1302},
  year={2020},
  publisher={Nature Publishing Group}
}

@article{osama2021covid,
  title={COVID-19 vaccine allocation: addressing the United Kingdom’s colour-blind strategy},
  author={Osama, Tasnime and Razai, Mohammad S and Majeed, Azeem},
  journal={Journal of the Royal Society of Medicine},
  pages={01410768211001581},
  year={2021},
  publisher={SAGE Publications Sage UK: London, England}
}

@misc{iveniuk2021uneven,
  title={An Uneven Recovery: Measuring COVID-19 Vaccine Equity in Ontario},
  author={Iveniuk, James and Leon, Scott},
  year={2021},
  publisher={Wellesley Institute}
}

@inproceedings{corbie2021vaccine,
  title={Vaccine hesitancy is a scapegoat for structural racism},
  author={Corbie-Smith, Giselle},
  booktitle={JAMA Health Forum},
  volume={2},
  number={3},
  pages={e210434--e210434},
  year={2021},
  organization={American Medical Association}
}

@book{washington2006medical,
  title={Medical apartheid: The dark history of medical experimentation on Black Americans from colonial times to the present},
  author={Washington, Harriet A},
  year={2006},
  publisher={Doubleday Books}
}

@misc{vaccinehunters,
  title={'They’re heroes': How COVID-19 'vaccine hunters' help Canadians find appointments}
  url={https://nationalpost.com/news/canada/theyre-heroes-how-covid-19-vaccine-hunters-help-canadians-find-appointments},
  author={Samantha Pope},
  publisher={National Post},
}
@article{hill2020nastiest,
  title={The Nastiest Question: Does Population Mobility Vary by State Political Ideology during the Novel Coronavirus (COVID-19) Pandemic?},
  author={Hill, Terrence and Gonzalez, Kelsey E and Davis, Andrew},
  journal={Sociological perspectives},
  pages={0731121420979700},
  year={2020},
  publisher={SAGE Publications Sage CA: Los Angeles, CA}
}

@article{perry2020culture,
  title={Culture wars and COVID-19 conduct: Christian nationalism, religiosity, and Americans’ behavior during the coronavirus pandemic},
  author={Perry, Samuel L and Whitehead, Andrew L and Grubbs, Joshua B},
  journal={Journal for the Scientific Study of Religion},
  volume={59},
  number={3},
  pages={405--416},
  year={2020},
  publisher={Wiley Online Library}
}
@article{jamison2019you,
  title={“You don't trust a government vaccine”: Narratives of institutional trust and influenza vaccination among African American and white adults},
  author={Jamison, Amelia M and Quinn, Sandra Crouse and Freimuth, Vicki S},
  journal={Social Science \& Medicine},
  volume={221},
  pages={87--94},
  year={2019},
  publisher={Elsevier}
}
@article{pacheco2013moving,
  title={Moving forward: breaking the cycle of mistrust between American Indians and researchers},
  author={Pacheco, Christina M and Daley, Sean M and Brown, Travis and Filippi, Melissa and Greiner, K Allen and Daley, Christine M},
  journal={American journal of public health},
  volume={103},
  number={12},
  pages={2152--2159},
  year={2013},
  publisher={American Public Health Association}
}

@article{bogart2021covid,
  title={COVID-19 related medical mistrust, health impacts, and potential vaccine hesitancy among Black Americans living with HIV},
  author={Bogart, Laura M and Ojikutu, Bisola O and Tyagi, Keshav and Klein, David J and Mutchler, Matt G and Dong, Lu and Lawrence, Sean J and Thomas, Damone R and Kellman, Sarah},
  journal={Journal of acquired immune deficiency syndromes (1999)},
  volume={86},
  number={2},
  pages={200},
  year={2021},
  publisher={Wolters Kluwer Health}
}

@article{fair2021population,
  title={Population behavioural dynamics can mediate the persistence of emerging infectious diseases},
  author={Fair, Kathyrn R and Karatayev, Vadim A and Anand, Madhur and Bauch, Chris},
  journal={medRxiv},
  year={2021},
  publisher={Cold Spring Harbor Laboratory Press}
}
@article{hogan2021within,
  title={Within-country age-based prioritisation, global allocation, and public health impact of a vaccine against SARS-CoV-2: a mathematical modelling analysis},
  author={Hogan, Alexandra B and Winskill, Peter and Watson, Oliver J and Walker, Patrick GT and Whittaker, Charles and Baguelin, Marc and Brazeau, Nicholas F and Charles, Giovanni D and Gaythorpe, Katy AM and Hamlet, Arran and others},
  journal={Vaccine},
  year={2021},
  publisher={Elsevier}
}
@article{perrakis2014modeling,
  title={Modeling wildfire spread in mountain pine beetle-affected forest stands, British Columbia, Canada},
  author={Perrakis, Daniel DB and Lanoville, Rick A and Taylor, Stephen W and Hicks, Dana},
  journal={Fire Ecology},
  volume={10},
  number={2},
  pages={10--35},
  year={2014},
  publisher={SpringerOpen}
}
@article{loehman2017interactions,
  title={Interactions of landscape disturbances and climate change dictate ecological pattern and process: spatial modeling of wildfire, insect, and disease dynamics under future climates},
  author={Loehman, Rachel A and Keane, Robert E and Holsinger, Lisa M and Wu, Zhiwei},
  journal={Landscape Ecology},
  volume={32},
  number={7},
  pages={1447--1459},
  year={2017},
  publisher={Springer}
}

@article{caldwell2013simulated,
  title={Simulated impacts of mountain pine beetle and wildfire disturbances on forest vegetation composition and carbon stocks in the Southern Rocky Mountains},
  author={Caldwell, Megan K and Hawbaker, Todd J and Briggs, Jenny S and Cigan, PW and Stitt, Susan},
  journal={Biogeosciences},
  volume={10},
  number={12},
  pages={8203--8222},
  year={2013},
  publisher={Copernicus GmbH}
}
@article{ager2007modeling,
  title={Modeling the effects of thinning on bark beetle impacts and wildfire potential in the Blue Mountains of eastern Oregon},
  author={Ager, Alan A and McMahan, Andrew and Hayes, Jane L and Smith, Eric L},
  journal={Landscape and Urban Planning},
  volume={80},
  number={3},
  pages={301--311},
  year={2007},
  publisher={Elsevier}
}

@inproceedings{siegert2007resurrected,
  title={Resurrected from the ashes: a historical reconstruction of emerald ash borer dynamics through dendrochronological analysis},
  author={Siegert, Nathan W and McCullough, Deborah G and Liebhold, Andrew M and Telewski, Frank W},
  booktitle={In: Mastro, Victor; Lance, David; Reardon, Richard; Parra, Gregory, comps. Emerald ash borer and Asian longhorhed beetle research and development review meeting; 2006 October 29-November 2; Cincinnatti, OH. FHTET 2007-04. Morgantown, WV: US Forest Service, Forest Health Technology Enterprise Team: 18-19.},
  year={2007}
}

@article{schwarzinger2021covid,
  title={COVID-19 vaccine hesitancy in a representative working-age population in France: a survey experiment based on vaccine characteristics},
  author={Schwarzinger, Micha{\"e}l and Watson, Verity and Arwidson, Pierre and Alla, Fran{\c{c}}ois and Luchini, St{\'e}phane},
  journal={The Lancet Public Health},
  volume={6},
  number={4},
  pages={e210--e221},
  year={2021},
  publisher={Elsevier}
}
@article{soares2021factors,
  title={Factors associated with COVID-19 vaccine hesitancy},
  author={Soares, Patricia and Rocha, Jo{\~a}o Victor and Moniz, Marta and Gama, Ana and Laires, Pedro Almeida and Pedro, Ana Rita and Dias, S{\'o}nia and Leite, Andreia and Nunes, Carla},
  journal={Vaccines},
  volume={9},
  number={3},
  pages={300},
  year={2021},
  publisher={Multidisciplinary Digital Publishing Institute}
}
@article{callaghan2020correlates,
  title={Correlates and disparities of COVID-19 vaccine hesitancy},
  author={Callaghan, Timothy and Moghtaderi, Ali and Lueck, Jennifer A and Hotez, Peter J and Strych, Ulrich and Dor, Avi and Franklin Fowler, Erika and Motta, Matt},
  journal={Available at SSRN 3667971},
  year={2020}
}
