
@ARTICLE{158511,
author={J. M. Zurada},
journal={IEEE Circuits and Devices Magazine},
title={Analog implementation of neural networks},
year={1992},
volume={8},
number={5},
pages={36-41},
keywords={MOS integrated circuits;analogue computer circuits;multiplying circuits;neural nets;MOS components;adjustable weights;analog control signal;analogue implementation;electrically tunable synapses;integrated-circuit analog multiplier;neural networks;neural processing algorithms;neurocomputers;synaptic connections;Arithmetic;Artificial neural networks;Computer networks;Computer vision;Concurrent computing;Embedded computing;Neural network hardware;Neural networks;Neurons;Very large scale integration},
doi={10.1109/101.158511},
ISSN={8755-3996},
month={Sept},}
