@article{buma2015disturbance,
  title={Disturbance interactions: characterization, prediction, and the potential for cascading effects},
  author={Buma, B},
  journal={Ecosphere},
  volume={6},
  number={4},
  pages={1--15},
  year={2015},
  publisher={Wiley Online Library}
}
@article{freeman1977set,
  title={A set of measures of centrality based on betweenness},
  author={Freeman, Linton C},
  journal={Sociometry},
  pages={35--41},
  year={1977},
  publisher={JSTOR}
}
@article{rackauckas2017differentialequations,
  title={Differentialequations. jl--a performant and feature-rich ecosystem for solving differential equations in julia},
  author={Rackauckas, Christopher and Nie, Qing},
  journal={Journal of Open Research Software},
  volume={5},
  number={1},
  year={2017},
  publisher={Ubiquity Press}
}
@article{brandes2008variants,
  title={On variants of shortest-path betweenness centrality and their generic computation},
  author={Brandes, Ulrik},
  journal={Social Networks},
  volume={30},
  number={2},
  pages={136--145},
  year={2008},
  publisher={Elsevier}
}
@article{haack1997new,
  title={New York's battle with the Asian long-horned beetle},
  author={Haack, Robert A and Law, Kenneth R and Mastro, Victor C and Ossenburgen, H Sharon and Raimo, Bernard J},
  journal={Journal of Forestry. 95 (12): 11-15.},
  volume={2},
  number={12},
  year={1997}
}
@article{petrice2006effects,
  title={Effects of cutting date, outdoor storage conditions, and splitting on survival of Agrilus planipennis (Coleoptera: Buprestidae) in firewood logs},
  author={Petrice, Toby R and Haack, Robert A},
  journal={Journal of Economic Entomology},
  volume={99},
  number={3},
  pages={790--796},
  year={2006},
  publisher={Oxford University Press Oxford, UK}
}
@article{cordell2008latest,
  title={The latest trends in nature-based outdoor recreation},
  author={Cordell, H Ken},
  journal={Forest History Today, Spring 2008},
  year={2008}
}
@article{peterson2012motivation,
  title={Motivation for compliance with environmental regulations related to forest health},
  author={Peterson, Kim and Diss-Torrance, Andrea},
  journal={Journal of environmental management},
  volume={112},
  pages={104--119},
  year={2012},
  publisher={Elsevier}
}
@article{tobin2010does,
  title={What does “local” firewood buy you? Managing the risk of invasive species introduction},
  author={Tobin, Patrick C and Diss-Torrance, Andrea and Blackburn, Laura M and Brown, Brian D},
  journal={Journal of economic entomology},
  volume={103},
  number={5},
  pages={1569--1576},
  year={2010},
  publisher={Oxford University Press Oxford, UK}
}
@article{eagles2002trends,
  title={Trends in park tourism: Economics, finance and management},
  author={Eagles, Paul FJ},
  journal={Journal of sustainable tourism},
  volume={10},
  number={2},
  pages={132--153},
  year={2002},
  publisher={Taylor \& Francis}
}
@article{siikamaki2011contributions,
  title={Contributions of the US state park system to nature recreation},
  author={Siikam{\"a}ki, Juha},
  journal={Proceedings of the National Academy of Sciences},
  volume={108},
  number={34},
  pages={14031--14036},
  year={2011},
  publisher={National Acad Sciences}
}
@article{cordell2012outdoor,
  title={Outdoor recreation trends and futures: a technical document supporting the Forest Service 2010 RPA Assessment},
  author={Cordell, H Ken},
  journal={Gen. Tech. Rep. SRS-150. Asheville, NC: US Department of Agriculture Forest Service, Southern Research Station, 167 p.},
  volume={150},
  pages={1--167},
  year={2012}
}
@article{cordell2008nature,
  title={Nature-based outdoor recreation trends and wilderness},
  author={Cordell, H Ken and Betz, Carter and Green, Gary T},
  journal={International Journal of Wilderness, August 2008, Volume 14, Number 2, Page 7-13},
  year={2008}
}
@article{prasad2010modeling,
  title={Modeling the invasive emerald ash borer risk of spread using a spatially explicit cellular model},
  author={Prasad, Anantha M and Iverson, Louis R and Peters, Matthew P and Bossenbroek, Jonathan M and Matthews, Stephen N and Sydnor, T Davis and Schwartz, Mark W},
  journal={Landscape ecology},
  volume={25},
  number={3},
  pages={353--369},
  year={2010},
  publisher={Springer}
}
@article{liebhold2008population,
  title={Population ecology of insect invasions and their management},
  author={Liebhold, Andrew M and Tobin, Patrick C},
  journal={Annu. Rev. Entomol.},
  volume={53},
  pages={387--408},
  year={2008},
  publisher={Annual Reviews}
}
@article{buck2009hitchhiking,
  title={Hitchhiking as a secondary dispersal pathway for adult emerald ash borer, Agrilus planipennis},
  author={Buck, James H and Marshall, Jordan M},
  journal={Gt Lakes Entomol},
  volume={41},
  pages={197--199},
  year={2009}
}
@article{kolar2001progress,
  title={Progress in invasion biology: predicting invaders},
  author={Kolar, Cynthia S and Lodge, David M},
  journal={Trends in ecology \& evolution},
  volume={16},
  number={4},
  pages={199--204},
  year={2001},
  publisher={Elsevier}
}
@article{yemshanov2015optimal,
  title={Optimal allocation of invasive species surveillance with the maximum expected coverage concept},
  author={Yemshanov, Denys and Haight, Robert G and Koch, Frank H and Lu, Bo and Venette, Robert and Lyons, D Barry and Scarr, Taylor and Ryall, Krista},
  journal={Diversity and Distributions},
  volume={21},
  number={11},
  pages={1349--1359},
  year={2015},
  publisher={Wiley Online Library}
}
@misc{nisc2007,
title =  {Fiscal Year 2007 Interagency Invasive Species Performance Budget},
howpublished = {Online source},
url = {https://edit.doi.gov/sites/doi.gov/files/migrated/invasivespecies/org_collab_budget/upload/NISC-FY2007-Crosscut-Budget-Summary.pdf},
author = "{National Invasive Species Council (NISC)}",
year = {2007}
}
@article{tobin2008cost,
  title={Cost analysis and biological ramifications for implementing the gypsy moth Slow the Spread Program},
  author={Tobin, Patrick C},
  journal={Gen. Tech. Rep. NRS-37. Newtown Square, PA: US Department of Agriculture, Forest Service, Northern Research Station. 21 p.},
  volume={37},
  year={2008}
}
@article{wilson2009something,
  title={Something in the way you move: dispersal pathways affect invasion success},
  author={Wilson, John RU and Dormontt, Eleanor E and Prentis, Peter J and Lowe, Andrew J and Richardson, David M},
  journal={Trends in ecology \& evolution},
  volume={24},
  number={3},
  pages={136--144},
  year={2009},
  publisher={Elsevier}
}
@article{wang2016statistical,
  title={Statistical physics of vaccination},
  author={Wang, Zhen and Bauch, Chris T and Bhattacharyya, Samit and d'Onofrio, Alberto and Manfredi, Piero and Perc, Matja{\v{z}} and Perra, Nicola and Salathe, Marcel and Zhao, Dawei},
  journal={Physics Reports},
  volume={664},
  pages={1--113},
  year={2016},
  publisher={Elsevier}
}
@article{muirhead2006modelling,
  title={Modelling local and long-distance dispersal of invasive emerald ash borer Agrilus planipennis (Coleoptera) in North America},
  author={Muirhead, Jim R and Leung, Brian and van Overdijk, Colin and Kelly, David W and Nandakumar, Kanavillil and Marchant, Kenneth R and MacIsaac, Hugh J},
  journal={Diversity and Distributions},
  volume={12},
  number={1},
  pages={71--79},
  year={2006},
  publisher={Wiley Online Library}
}
@article{gottwald2001citrus,
  title={The citrus canker epidemic in Florida: the scientific basis of regulatory eradication policy for an invasive species},
  author={Gottwald, Tim R and Hughes, Gareth and Graham, James H and Sun, Xiaoan and Riley, Tim},
  journal={Phytopathology},
  volume={91},
  number={1},
  pages={30--34},
  year={2001},
  publisher={Am Phytopath Society}
}
@article{haack2010incidence,
  title={Incidence of bark-and wood-boring insects in firewood: a survey at Michigan’s Mackinac Bridge},
  author={Haack, Robert A and Petrice, Toby R and Wiedenhoeft, Alex C},
  journal={Journal of Economic Entomology},
  volume={103},
  number={5},
  pages={1682--1692},
  year={2010},
  publisher={Oxford University Press Oxford, UK}
}
@article{antonovsky1990forest,
  title={Forest-pest interaction dynamics: the simplest mathematical models},
  author={Antonovsky, M Ya and Fleming, RA and Kuznetsov, Yu A and Clark, WC},
  journal={Theoretical Population Biology},
  volume={37},
  number={2},
  pages={343--367},
  year={1990},
  publisher={Elsevier}
}
@article{bockino2012interactions,
  title={Interactions of white pine blister rust and mountain pine beetle in whitebark pine ecosystems in the southern Greater Yellowstone Area},
  author={Bockino, Nancy K and Tinker, Daniel B},
  journal={Natural Areas Journal},
  volume={32},
  number={1},
  pages={31--40},
  year={2012},
  publisher={BioOne}
}
@article{tegner1981population,
  title={Population structure, recruitment and mortality of two sea urchins (Strongylocentrotus franciscanus and S. purpuratus) in a kelp forest},
  author={Tegner, MJ and Dayton, PK},
  journal={Marine Ecology Progress Series},
  pages={255--268},
  year={1981},
  publisher={JSTOR}
}
@article{steneck2002kelp,
  title={Kelp forest ecosystems: biodiversity, stability, resilience and future},
  author={Steneck, Robert S and Graham, Michael H and Bourque, Bruce J and Corbett, Debbie and Erlandson, Jon M and Estes, James A and Tegner, Mia J},
  journal={Environmental conservation},
  volume={29},
  number={4},
  pages={436--459},
  year={2002},
  publisher={Cambridge University Press}
}
@article{werner1984ontogenetic,
  title={The ontogenetic niche and species interactions in size-structured populations},
  author={Werner, Earl E and Gilliam, James F},
  journal={Annual review of ecology and systematics},
  volume={15},
  number={1},
  pages={393--425},
  year={1984},
  publisher={Annual Reviews 4139 El Camino Way, PO Box 10139, Palo Alto, CA 94303-0139, USA}
}
@article{fong1998dynamic,
  title={A dynamic size-structured population model: does disturbance control size structure of a population of the massive coral Gardineroseris planulata in the Eastern Pacific?},
  author={Fong, P and Glynn, PW},
  journal={Marine biology},
  volume={130},
  number={4},
  pages={663--674},
  year={1998},
  publisher={Springer}
}
@article{jabin2008continuous,
  title={A continuous size-structured red coral growth model},
  author={Jabin, P-E and Lemesle, V and Aurelle, D},
  journal={Mathematical models and methods in applied sciences},
  volume={18},
  number={11},
  pages={1927--1944},
  year={2008},
  publisher={World Scientific}
}
@article{dube2002size,
  title={Size structure and geographic variation in chemical resistance of sea fan corals Gorgonia ventalina to a fungal pathogen},
  author={Dube, Danielle and Kim, Kiho and Alker, Alisa P and Harvell, C Drew},
  journal={Marine Ecology Progress Series},
  volume={231},
  pages={139--150},
  year={2002},
  publisher={JSTOR}
}
@article{nystrom2000coral,
  title={Coral reef disturbance and resilience in a human-dominated environment},
  author={Nystr{\"o}m, Magnus and Folke, Carl and Moberg, Fredrik},
  journal={Trends in Ecology \& Evolution},
  volume={15},
  number={10},
  pages={413--417},
  year={2000},
  publisher={Elsevier}
}
@article{batllori2017cumulative,
  title={Cumulative effects of fire and drought in Mediterranean ecosystems},
  author={Batllori, Enric and De C{\'a}ceres, Miquel and Brotons, Llu{\'\i}s and Ackerly, David D and Moritz, Max A and Lloret, Francisco},
  journal={Ecosphere},
  volume={8},
  number={8},
  year={2017},
  publisher={Wiley Online Library}
}
  
@article{turner1989predicting,
  title={Predicting the spread of disturbance across heterogeneous landscapes},
  author={Turner, Monica G and Gardner, Robert H and Dale, Virginia H and O'Neill, Robert V},
  journal={Oikos},
  pages={121--129},
  year={1989},
  publisher={JSTOR}
}

@article{savage2005resilient,
  title={How resilient are southwestern ponderosa pine forests after crown fires?},
  author={Savage, Melissa and Mast, Joy Nystrom},
  journal={Canadian Journal of Forest Research},
  volume={35},
  number={4},
  pages={967--977},
  year={2005},
  publisher={NRC Research Press}
}
@article{henderson2013carrot,
  title={Carrot or stick? Modelling how landowner behavioural responses can cause incentive-based forest governance to backfire},
  author={Henderson, Kirsten A and Anand, Madhur and Bauch, Chris T},
  journal={PloS one},
  volume={8},
  number={10},
  pages={e77735},
  year={2013},
  publisher={Public Library of Science}
}
@misc{cfia_2019, title={https://www.inspection.gc.ca/plants/plant-pests-invasive-species/insects/emerald-ash-borer/areas-regulated/eng/1347625322705/1367860339942},
institution={Canada},
author="{Canadian Food Inspection Agency (CFIA)}",
year={2019}
}
@article{poland2006emerald,
  title={Emerald ash borer: invasion of the urban forest and the threat to North America’s ash resource},
  author={Poland, Therese M and McCullough, Deborah G},
  journal={Journal of Forestry},
  volume={104},
  number={3},
  pages={118--124},
  year={2006},
  publisher={Oxford University Press Bethesda, MD}
}
@article{kovacs2014bioeconomic,
  title={A bioeconomic analysis of an emerald ash borer invasion of an urban forest with multiple jurisdictions},
  author={Kovacs, Kent F and Haight, Robert G and Mercader, Rodrigo J and McCullough, Deborah G},
  journal={Resource and Energy Economics},
  volume={36},
  number={1},
  pages={270--289},
  year={2014},
  publisher={Elsevier}
}
@article{kovacs2010cost,
  title={Cost of potential emerald ash borer damage in US communities, 2009--2019},
  author={Kovacs, Kent F and Haight, Robert G and McCullough, Deborah G and Mercader, Rodrigo J and Siegert, Nathan W and Liebhold, Andrew M},
  journal={Ecological Economics},
  volume={69},
  number={3},
  pages={569--578},
  year={2010},
  publisher={Elsevier}
}
@article{mckenney2012estimates,
  title={Estimates of the potential cost of emerald ash borer (Agrilus planipennis Fairmaire) in Canadian municipalities},
  author={McKenney, Daniel W and Pedlar, John H and Yemshanov, Denys and Campbell, Kathy L and Lawrence, Kevin},
  year={2012}
}
@article{bauch2005imitation,
  title={Imitation dynamics predict vaccinating behaviour},
  author={Bauch, Chris T},
  journal={Proceedings of the Royal Society B: Biological Sciences},
  volume={272},
  number={1573},
  pages={1669--1675},
  year={2005},
  publisher={The Royal Society London}
}
@book{hofbauer1998evolutionary,
  title={Evolutionary games and population dynamics},
  author={Hofbauer, Josef and Sigmund, Karl},
  year={1998},
  publisher={Cambridge university press}
}
@article{turgeon2015decade,
  title={Decade-Old Satellite Infestation of Anoplophora glabripennis Motschulsky (Coleoptera: Cerambycidae) Found in Ontario, Canada Outside Regulated Area of Founder Population.},
  author={Turgeon, Jean J and Orr, Mary and Grant, Cara and Wu, Yunke and Gasman, Ben},
  journal={The Coleopterists Bulletin},
  volume={69},
  number={4},
  pages={674--679},
  year={2015},
  publisher={BioOne}
}
@article{herms2014emerald,
  title={Emerald ash borer invasion of North America: history, biology, ecology, impacts, and management},
  author={Herms, Daniel A and McCullough, Deborah G},
  journal={Annual review of entomology},
  volume={59},
  pages={13--30},
  year={2014},
  publisher={Annual Reviews}
}
@book{schling,
 author = {Schling, Boris},
 title = {The Boost C++ Libraries},
 year = {2011},
 isbn = {0982219199, 9780982219195},
 publisher = {XML Press},
} 
@techreport{hagberg2008exploring,
  title={Exploring network structure, dynamics, and function using NetworkX},
  author={Hagberg, Aric and Swart, Pieter and S Chult, Daniel},
  year={2008},
  institution={Los Alamos National Lab.(LANL), Los Alamos, NM (United States)}
}
@article{weber2006,
 author  = {Weber, Laren},
 date    = {2006-06-20},
 title   = {Checkpoint tries to halt wood traffic },
 journal = {The Toledo Blade},
 url     = {https://www.toledoblade.com/frontpage/2006/06/20/Checkpoint-tries-to-halt-wood-traffic/stories/200606200044},
 year = {2006}
}
@article{yemshanov2009mapping,
  title={Mapping invasive species risks with stochastic models: a cross-border United States-Canada application for Sirex noctilio Fabricius},
  author={Yemshanov, Denys and Koch, Frank H and McKenney, Daniel W and Downing, Marla C and Sapio, Frank},
  journal={Risk Analysis: An International Journal},
  volume={29},
  number={6},
  pages={868--884},
  year={2009},
  publisher={Wiley Online Library}
}
@article{reid2017,
 author  = {Reid, Nick},
 date    = {2017-05-23},
 title   = {Roadside checkpoints to monitor illegal firewood transport in New Hampshire},
 journal = {Concord Monitor},
 url     = {https://www.concordmonitor.com/firewood-quarantine-emerald-ash-borer-2017-memorial-day-10266651},
 year = {2017}
}
@article{nearing2012,
 author  = {Nearing, Brian},
 date    = {2012-08-22},
 title   = {Checkpoint tries to halt wood traffic },
 journal = {timesunion},
 url     = {https://www.timesunion.com/local/article/Six-hit-with-firewood-violations-3808453.php},
 year = {2012}
}
@article{ludwig1978qualitative,
  title={Qualitative analysis of insect outbreak systems: the spruce budworm and forest},
  author={Ludwig, Donald and Jones, Dixon D and Holling, Crawford S and others},
  journal={Journal of animal ecology},
  volume={47},
  number={1},
  pages={315--332},
  year={1978}
}
@article{donato2013evaluating,
  title={Evaluating post-outbreak management effects on future fuel profiles and stand structure in bark beetle-impacted forests of Greater Yellowstone},
  author={Donato, Daniel C and Simard, Martin and Romme, William H and Harvey, Brian J and Turner, Monica G},
  journal={Forest Ecology and Management},
  volume={303},
  pages={160--174},
  year={2013},
  publisher={Elsevier}
}
@book{bogucki2012landscape,
  title={Landscape heterogeneity and disturbance},
  author={Bogucki, Donald J and Bormann, FH and Box, EO and Bratton, SP and Dolan, R and Dunn, CP and Forman, RTT and Gruendling, GK and Guntenspergen, GR and Hayes, TD and others},
  volume={64},
  year={2012},
  publisher={Springer Science \& Business Media}
}

@article{turner1994landscape,
  title={Landscape dynamics in crown fire ecosystems},
  author={Turner, Monica G and Romme, William H},
  journal={Landscape ecology},
  volume={9},
  number={1},
  pages={59--77},
  year={1994},
  publisher={Springer}
}
@article{allen2006stand,
  title={Stand and landscape level effects of a major outbreak of spruce beetles on forest vegetation in the Copper River Basin, Alaska},
  author={Allen, Jennifer L and Wesser, Sara and Markon, Carl J and Winterberger, Kenneth C},
  journal={Forest Ecology and Management},
  volume={227},
  number={3},
  pages={257--266},
  year={2006},
  publisher={Elsevier}
}
@article{baker1990spruce,
  title={Spruce beetles and fires in the nineteenth-century subalpine forests of western Colorado, USA},
  author={Baker, William L and Veblen, Thomas T},
  journal={Arctic and Alpine Research},
  pages={65--80},
  year={1990},
  publisher={JSTOR}
}
@article{berryman1976theoretical,
  title={Theoretical explanation of mountain pine beetle dynamics in lodgepole pine forests},
  author={Berryman, Alan A},
  journal={Environmental entomology},
  volume={5},
  number={6},
  pages={1225--1233},
  year={1976},
  publisher={Oxford University Press Oxford, UK}
}
@article{hicke2006changing,
  title={Changing temperatures influence suitability for modeled mountain pine beetle (Dendroctonus ponderosae) outbreaks in the western United States},
  author={Hicke, Jeffrey A and Logan, Jesse A and Powell, James and Ojima, Dennis S},
  journal={Journal of Geophysical Research: Biogeosciences},
  volume={111},
  number={G2},
  year={2006},
  publisher={Wiley Online Library}
}
@article{james2017lagged,
  title={Lagged cumulative spruce budworm defoliation affects the risk of fire ignition in Ontario, Canada},
  author={James, Patrick and Robert, Louis-Etienne and Wotton, B Mike and Martell, David L and Fleming, Richard A},
  journal={Ecological applications},
  volume={27},
  number={2},
  pages={532--544},
  year={2017},
  publisher={Wiley Online Library}
}
@article{simard2011mountain,
  title={Do mountain pine beetle outbreaks change the probability of active crown fire in lodgepole pine forests?},
  author={Simard, Martin and Romme, William H and Griffin, Jacob M and Turner, Monica G},
  journal={Ecological Monographs},
  volume={81},
  number={1},
  pages={3--24},
  year={2011},
  publisher={Wiley Online Library}
}
@article{cobb2017tree,
  title={Tree diseases as a cause and consequence of interacting forest disturbances},
  author={Cobb, Richard C and Metz, Margaret R},
  journal={Forests},
  volume={8},
  number={5},
  pages={147},
  year={2017},
  publisher={Multidisciplinary Digital Publishing Institute}
}
@article{allen2007interactions,
  title={Interactions across spatial scales among forest dieback, fire, and erosion in northern New Mexico landscapes},
  author={Allen, Craig D},
  journal={Ecosystems},
  volume={10},
  number={5},
  pages={797--808},
  year={2007},
  publisher={Springer}
}
@article{gower2015sequential,
  title={Sequential disturbance effects of hailstorm and fire on vegetation in a Mediterranean-type ecosystem},
  author={Gower, K and Fontaine, JB and Birnbaum, C and Enright, NJ},
  journal={Ecosystems},
  volume={18},
  number={7},
  pages={1121--1134},
  year={2015},
  publisher={Springer}
}
@book{meurant2012ecology,
  title={The ecology of natural disturbance and patch dynamics},
  author={Meurant, Gerard},
  year={2012},
  publisher={Academic press}
}
@article{peters2004cross,
  title={Cross-scale interactions, nonlinearities, and forecasting catastrophic events},
  author={Peters, Debra PC and Pielke, Roger A and Bestelmeyer, Brandon T and Allen, Craig D and Munson-McGee, Stuart and Havstad, Kris M},
  journal={Proceedings of the National Academy of Sciences of the United States of America},
  volume={101},
  number={42},
  pages={15130--15135},
  year={2004},
  publisher={National Acad Sciences}
}
@article{kane2017characterizing,
  title={Characterizing interactions between fire and other disturbances and their impacts on tree mortality in western US Forests},
  author={Kane, Jeffrey M and Varner, J Morgan and Metz, Margaret R and van Mantgem, Phillip J},
  journal={Forest Ecology and Management},
  volume={405},
  pages={188--199},
  year={2017},
  publisher={Elsevier}
}
@article{peters2011cross,
  title={Cross-system comparisons elucidate disturbance complexities and generalities},
  author={Peters, Debra PC and Lugo, Ariel E and Chapin, F Stuart and Pickett, Steward TA and Duniway, Michael and Rocha, Adrian V and Swanson, Frederick J and Laney, Christine and Jones, Julia},
  journal={Ecosphere},
  volume={2},
  number={7},
  pages={1--26},
  year={2011},
  publisher={Wiley Online Library}
}
@article{payette2000origin,
  title={Origin of the lichen woodland at its southern range limit in eastern Canada: the catastrophic impact of insect defoliators and fire on the spruce-moss forest},
  author={Payette, Serge and Bhiry, Najat and Delwaide, Ann and Simard, Martin},
  journal={Canadian Journal of Forest Research},
  volume={30},
  number={2},
  pages={288--305},
  year={2000},
  publisher={NRC Research Press}
}
@article{drever2006can,
  title={Can forest management based on natural disturbances maintain ecological resilience?},
  author={Drever, C Ronnie and Peterson, Garry and Messier, Christian and Bergeron, Yves and Flannigan, Mike},
  journal={Canadian Journal of Forest Research},
  volume={36},
  number={9},
  pages={2285--2299},
  year={2006},
  publisher={NRC Research Press}
}
@article{li1990dynamics,
  title={Dynamics of age-structured predator-prey population models},
  author={Li, Jia},
  journal={Journal of mathematical analysis and applications},
  volume={152},
  number={2},
  pages={399--415},
  year={1990},
  publisher={Elsevier}
}
@article{robertson2018matter,
  title={A matter of maturity: To delay or not to delay? Continuous-time compartmental models of structured populations in the literature 2000--2016},
  author={Robertson, Suzanne L and Henson, Shandelle M and Robertson, Timothy and Cushing, JM},
  journal={Natural Resource Modeling},
  year={2018},
  publisher={Wiley Online Library}
}
@article{li1996effects,
  title={Effects of contagious disturbance on forest temporal dynamics},
  author={Li, Chao and Apps, Michael J},
  journal={Ecological Modelling},
  volume={87},
  number={1-3},
  pages={143--151},
  year={1996},
  publisher={Elsevier}
}
@book{frelich2002forest,
  title={Forest dynamics and disturbance regimes: studies from temperate evergreen-deciduous forests},
  author={Frelich, Lee E},
  year={2002},
  publisher={Cambridge University Press}
}
@article{kuniya2014existence,
  title={Existence of a nontrivial periodic solution in an age-structured SIR epidemic model with time periodic coefficients},
  author={Kuniya, Toshikazu},
  journal={Applied Mathematics Letters},
  volume={27},
  pages={15--20},
  year={2014},
  publisher={Elsevier}
}
@article{drossel1992self,
  title={Self-organized critical forest-fire model},
  author={Drossel, Barbara and Schwabl, Franz},
  journal={Physical review letters},
  volume={69},
  number={11},
  pages={1629},
  year={1992},
  publisher={APS}
}
@article{zinck2008more,
  title={More realistic than anticipated: a classical forest-fire model from statistical physics captures real fire shapes},
  author={Zinck, RD and Grimm, V},
  journal={The Open Ecology Journal},
  volume={1},
  number={1},
  year={2008}
}
@article{lewis2010structured,
  title={A structured threshold model for mountain pine beetle outbreak},
  author={Lewis, Mark A and Nelson, William and Xu, Cailin},
  journal={Bulletin of mathematical biology},
  volume={72},
  number={3},
  pages={565--589},
  year={2010},
  publisher={Springer}
}
@article{tang2016hopf,
  title={Hopf bifurcation for a predator--prey model with age structure},
  author={Tang, Hui and Liu, Zhihua},
  journal={Applied Mathematical Modelling},
  volume={40},
  number={2},
  pages={726--737},
  year={2016},
  publisher={Elsevier}
}
@article{duncan2015model,
  title={A model for mountain pine beetle outbreaks in an age-structured forest: Predicting severity and outbreak-recovery cycle period},
  author={Duncan, Jacob P and Powell, James A and Gordillo, Luis F and Eason, Joseph},
  journal={Bulletin of mathematical biology},
  volume={77},
  number={7},
  pages={1256--1284},
  year={2015},
  publisher={Springer}
}
@article{nystrom2001spatial,
  title={Spatial resilience of coral reefs},
  author={Nystr{\"o}m, Magnus and Folke, Carl},
  journal={Ecosystems},
  volume={4},
  number={5},
  pages={406--417},
  year={2001},
  publisher={Springer}
}
@incollection{white2001search,
  title={The search for generality in studies of disturbance and ecosystem dynamics},
  author={White, Peter S and Jentsch, Anke},
  booktitle={Progress in botany},
  pages={399--450},
  year={2001},
  publisher={Springer}
}
@book{metz2014dynamics,
  title={The dynamics of physiologically structured populations},
  author={Metz, Johan A and Diekmann, Odo},
  volume={68},
  year={2014},
  publisher={Springer}
}
@book{white1985natural,
  title={Natural disturbance and patch dynamics: An introduction.},
  author={White, Peter S and Pickett, S TA},
  publisher={Springer},
  year={1985}
}
@article{bhattacharya2010oscillations,
  title={Oscillations in a size-structured prey-predator model},
  author={Bhattacharya, Souvik and Martcheva, Maia},
  journal={Mathematical biosciences},
  volume={228},
  number={1},
  pages={31--44},
  year={2010},
  publisher={Elsevier}
}
@article{barlow2014modelling,
  title={Modelling interactions between forest pest invasions and human decisions regarding firewood transport restrictions},
  author={Barlow, Lee-Ann and Cecile, Jacob and Bauch, Chris T and Anand, Madhur},
  journal={PLoS One},
  volume={9},
  number={4},
  pages={e90511},
  year={2014},
  publisher={Public Library of Science}
}
@article{alexanderian2011age,
  title={An age-structured model for the spread of epidemic cholera: analysis and simulation},
  author={Alexanderian, Alen and Gobbert, Matthias K and Fister, K Renee and Gaff, Holly and Lenhart, Suzanne and Schaefer, Elsa},
  journal={Nonlinear Analysis: Real World Applications},
  volume={12},
  number={6},
  pages={3483--3498},
  year={2011},
  publisher={Elsevier}
}
@article{peterson2002contagious,
  title={Contagious disturbance, ecological memory, and the emergence of landscape pattern},
  author={Peterson, Garry D},
  journal={Ecosystems},
  volume={5},
  number={4},
  pages={329--338},
  year={2002},
  publisher={Springer}
}


@article{blackwood2012effect,
  title={The effect of fishing on hysteresis in Caribbean coral reefs},
  author={Blackwood, Julie C and Hastings, Alan and Mumby, Peter J},
  journal={Theoretical Ecology},
  volume={5},
  number={1},
  pages={105--114},
  year={2012},
  publisher={Springer}
}
@article{tomback1995effects,
  title={The effects of blister rust on post-fire regeneration of whitebark pine: the Sundance Burn of northern Idaho (USA)},
  author={Tomback, Diana F and Clary, Jane Kees and Koehler, James and Hoff, Raymond J and Arno, Stephen F},
  journal={Conservation Biology},
  volume={9},
  number={3},
  pages={654--664},
  year={1995},
  publisher={Wiley Online Library}
}
@article{blackwood2011model,
  title={A model-based approach to determine the long-term effects of multiple interacting stressors on coral reefs},
  author={Blackwood, Julie C and Hastings, Alan and Mumby, Peter J},
  journal={Ecological Applications},
  volume={21},
  number={7},
  pages={2722--2733},
  year={2011},
  publisher={Wiley Online Library}
}
@article{raffa2008cross,
  title={Cross-scale drivers of natural disturbances prone to anthropogenic amplification: the dynamics of bark beetle eruptions},
  author={Raffa, Kenneth F and Aukema, Brian H and Bentz, Barbara J and Carroll, Allan L and Hicke, Jeffrey A and Turner, Monica G and Romme, William H},
  journal={AIBS Bulletin},
  volume={58},
  number={6},
  pages={501--517},
  year={2008},
  publisher={American Institute of Biological Sciences}
}
@article{douglas1987numerical,
  title={Numerical methods for a model of population dynamics},
  author={Douglas, J and Milner, FA},
  journal={Calcolo},
  volume={24},
  number={3-4},
  pages={247--254},
  year={1987},
  publisher={Springer}
}
@article{li2005lodgepole,
  title={Lodgepole pine forest age class dynamics and susceptibility to mountain pine beetle attack},
  author={Li, Chao and Barclay, Hugh J and Hawkes, Brad C and Taylor, SW},
  journal={Ecological Complexity},
  volume={2},
  number={3},
  pages={232--239},
  year={2005},
  publisher={Elsevier}
}
@book{thomas2013numerical,
  title={Numerical partial differential equations: finite difference methods},
  author={Thomas, James William},
  volume={22},
  year={2013},
  publisher={Springer Science \& Business Media}
}
@article{crandall1973bifurcation,
  title={Bifurcation, perturbation of simple eigenvalues, itand linearized stability},
  author={Crandall, Michael G and Rabinowitz, Paul H},
  journal={Archive for Rational Mechanics and Analysis},
  volume={52},
  number={2},
  pages={161--180},
  year={1973},
  publisher={Springer}
}
@article{stevens2002resource,
  title={Resource quantity, not resource heterogeneity, maintains plant diversity},
  author={Stevens, M Henry H and Carson, Walter P},
  journal={Ecology Letters},
  volume={5},
  number={3},
  pages={420--426},
  year={2002},
  publisher={Wiley Online Library}
}

@article{crandall1971bifurcation,
  title={Bifurcation from simple eigenvalues},
  author={Crandall, Michael G and Rabinowitz, Paul H},
  journal={Journal of Functional Analysis},
  volume={8},
  number={2},
  pages={321--340},
  year={1971},
  publisher={Elsevier}
}
@article{oliver2010heterogeneous,
  title={Heterogeneous landscapes promote population stability},
  author={Oliver, Tom and Roy, David B and Hill, Jane K and Brereton, Tom and Thomas, Chris D},
  journal={Ecology letters},
  volume={13},
  number={4},
  pages={473--484},
  year={2010},
  publisher={Wiley Online Library}
}
@article{schoolmaster2013resource,
  title={Resource competition and coexistence in heterogeneous metacommunities: many-species coexistence is unlikely to be facilitated by spatial variation in resources},
  author={Schoolmaster Jr, Donald R},
  journal={PeerJ},
  volume={1},
  pages={e136},
  year={2013},
  publisher={PeerJ Inc.}
}
@book{berger1977nonlinearity,
  title={Nonlinearity and functional analysis: lectures on nonlinear problems in mathematical analysis},
  author={Berger, Melvyn S},
  volume={74},
  year={1977},
  publisher={Academic press}
}
@book{golubitsky2012singularities,
  title={Singularities and groups in bifurcation theory},
  author={Golubitsky, Martin and Stewart, Ian and Schaeffer, David G},
  volume={2},
  year={2012},
  publisher={Springer Science \& Business Media}
}
@article{questad2008coexistence,
  title={Coexistence through spatio-temporal heterogeneity and species sorting in grassland plant communities},
  author={Questad, Erin J and Foster, Bryan L},
  journal={Ecology letters},
  volume={11},
  number={7},
  pages={717--726},
  year={2008},
  publisher={Wiley Online Library}
}
@inproceedings{safranyik2003mountain,
  title={Mountain pine beetle epidemiology in lodgepole pine},
  author={Safranyik, Les and others},
  booktitle={Mountain pine beetle symposium: Challenges and solutions},
  pages={33--40},
  year={2003}
}
@article{bcforests,
  title={British Columbia’s Forests: A Geographical Snapshot},
  author={Ministry of Sustainable Resource Management},
  year={2003},
}
@article{hicke2012effects,
  title={Effects of bark beetle-caused tree mortality on wildfire},
  author={Hicke, Jeffrey A and Johnson, Morris C and Hayes, Jane L and Preisler, Haiganoush K},
  journal={Forest Ecology and Management},
  volume={271},
  pages={81--90},
  year={2012},
  publisher={Elsevier}
}
@book{safranyik2001effects,
  title={The effects of prescribed burning on mountain pine beetle in lodgepole pine},
  author={Safranyik, Les and Linton, Douglas A and Shore, Terry L and Hawkes, BC and others},
  volume={391},
  year={2001}
}
@article{amman1998silvicultural,
  title={Silvicultural control of mountain pine beetle: prescriptions and the influence of microclimate},
  author={Amman, GD and Logan, JA},
  journal={American Entomologist},
  volume={44},
  number={3},
  pages={166--178},
  year={1998},
  publisher={Oxford University Press Oxford, UK}
}
@article{sartwell1975,
author = {Sartwell, Charles and Stevens, Robert E.},
title = {Mountain Pine Beetle in Ponderosa Pine–Prospects for Silvicultural Control in Second-Growth Stands},
journal = {Journal of Forestry},
volume = {73},
number = {3},
pages = {136-140},
year = {1975},
doi = {10.1093/jof/73.3.136},
URL = {http://dx.doi.org/10.1093/jof/73.3.136},
eprint = {/oup/backfile/content_public/journal/jof/73/3/10.1093_jof_73.3.136/2/jof0136.pdf}
}

@article{kaufmann2008status,
  title={The status of our scientific understanding of lodgepole pine and mountain pine beetles: a focus on forest ecology and fire behavior},
  author={Kaufmann, Merrill R and others},
  year={2008},
  publisher={Colorado State University. Libraries}
}

@article{axelson2009influence,
  title={Influence of fire and mountain pine beetle on the dynamics of lodgepole pine stands in British Columbia, Canada},
  author={Axelson, Jodi N and Alfaro, Ren{\'e} I and Hawkes, Brad C},
  journal={Forest Ecology and Management},
  volume={257},
  number={9},
  pages={1874--1882},
  year={2009},
  publisher={Elsevier}
}
@article{lynch2006influence,
  title={The influence of previous mountain pine beetle (Dendroctonus ponderosae) activity on the 1988 Yellowstone fires},
  author={Lynch, Heather J and Renkin, Roy A and Crabtree, Robert L and Moorcroft, Paul R},
  journal={Ecosystems},
  volume={9},
  number={8},
  pages={1318--1327},
  year={2006},
  publisher={Springer}
}

@article{simard2011mountain,
  title={Do mountain pine beetle outbreaks change the probability of active crown fire in lodgepole pine forests?},
  author={Simard, Martin and Romme, William H and Griffin, Jacob M and Turner, Monica G},
  journal={Ecological Monographs},
  volume={81},
  number={1},
  pages={3--24},
  year={2011},
  publisher={Wiley Online Library}
}
@article{bradley2001effects,
  title={Effects of fire on bark beetle presence on Jeffrey pine in the Lake Tahoe Basin},
  author={Bradley, Tim and Tueller, Paul},
  journal={Forest Ecology and Management},
  volume={142},
  number={1},
  pages={205--214},
  year={2001},
  publisher={Elsevier}
}
@article{lotan1985role,
  title={Role of fire in lodgepole pine forests},
  author={Lotan, James E and Brown, James K and Neuenschwander, Leon F},
  year={1985}
}
@article{elkin2005low,
  title={Low energy reserves and energy allocation decisions affect reproduction by mountain pine beetles, Dendroctonus ponderosae},
  author={Elkin, CM and Reid, Mary L},
  journal={Functional Ecology},
  volume={19},
  number={1},
  pages={102--109},
  year={2005},
  publisher={Wiley Online Library}
}
@article{nrcan, title={Mountain pine beetle (factsheet)}, url={http://www.nrcan.gc.ca/forests/fire-insects-disturbances/top-insects/13397}, journal={Natural Resources Canada}, publisher={Natural Resources Canada}, year={2017}, month={Feb}} 
@article{kulakowski2012stand,
  title={Stand-replacing fires reduce susceptibility of lodgepole pine to mountain pine beetle outbreaks in Colorado},
  author={Kulakowski, Dominik and Jarvis, Daniel and Veblen, Thomas T and Smith, Jeremy},
  journal={Journal of Biogeography},
  volume={39},
  number={11},
  pages={2052--2060},
  year={2012},
  publisher={Wiley Online Library}
}
@article{papadopoulos2011comparative,
  title={A comparative review on wildfire simulators},
  author={Papadopoulos, George D and Pavlidou, Fotini-Niovi},
  journal={IEEE systems Journal},
  volume={5},
  number={2},
  pages={233--243},
  year={2011},
  publisher={Ieee}
}
@article{powell2009connecting,
  title={Connecting phenological predictions with population growth rates for mountain pine beetle, an outbreak insect},
  author={Powell, James A and Bentz, Barbara J},
  journal={Landscape Ecology},
  volume={24},
  number={5},
  pages={657--672},
  year={2009},
  publisher={Springer}
}
@article{buma2015disturbance,
  title={Disturbance interactions: characterization, prediction, and the potential for cascading effects},
  author={Buma, B},
  journal={Ecosphere},
  volume={6},
  number={4},
  pages={1--15},
  year={2015},
  publisher={Wiley Online Library}
}

@article{sullivan2009wildland,
  title={Wildland surface fire spread modelling, 1990--2007. 3: Simulation and mathematical analogue models},
  author={Sullivan, Andrew L},
  journal={International Journal of Wildland Fire},
  volume={18},
  number={4},
  pages={387--403},
  year={2009},
  publisher={CSIRO}
}

@article{lewis2010structured,
  title={A structured threshold model for mountain pine beetle outbreak},
  author={Lewis, Mark A and Nelson, William and Xu, Cailin},
  journal={Bulletin of mathematical biology},
  volume={72},
  number={3},
  pages={565--589},
  year={2010},
  publisher={Springer}
}

@article{coloforest,
  title={Report on the Health of Colorado's Forests},
  author={Colorado Forest Service},
  year={2016},
  publisher={Colorado Forest Service}
}
@article{gilbert2004comparison,
  title={Comparison of three models predicting developmental milestones given environmental and individual variation},
  author={Gilbert, Estella and Powell, James A and Logan, Jesse A and Bentz, Barbara J},
  journal={Bulletin of Mathematical Biology},
  volume={66},
  number={6},
  pages={1821},
  year={2004},
  publisher={Springer}
}
@article{seidl2016spatial,
  title={Spatial variability in tree regeneration after wildfire delays and dampens future bark beetle outbreaks},
  author={Seidl, Rupert and Donato, Daniel C and Raffa, Kenneth F and Turner, Monica G},
  journal={Proceedings of the National Academy of Sciences},
  pages={201615263},
  year={2016},
  publisher={National Acad Sciences}
}
@article{chen2014model,
  title={A model for coupling fire and insect outbreak in forests},
  author={Chen-Charpentier, B and Leite, MCA},
  journal={Ecological modelling},
  volume={286},
  pages={26--36},
  year={2014},
  publisher={Elsevier}
}
@article{agne2016fire,
  title={Fire severity and cumulative disturbance effects in the post-mountain pine beetle lodgepole pine forests of the Pole Creek Fire},
  author={Agne, Michelle C and Woolley, Travis and Fitzgerald, Stephen},
  journal={Forest Ecology and Management},
  volume={366},
  pages={73--86},
  year={2016},
  publisher={Elsevier}
}
@article{gilbert2004comparison,
  title={Comparison of three models predicting developmental milestones given environmental and individual variation},
  author={Gilbert, Estella and Powell, James A and Logan, Jesse A and Bentz, Barbara J},
  journal={Bulletin of Mathematical Biology},
  volume={66},
  number={6},
  pages={1821},
  year={2004},
  publisher={Springer}
}
@article{meigs2016insect,
  title={Do insect outbreaks reduce the severity of subsequent forest fires?},
  author={Meigs, Garrett W and Zald, Harold SJ and Campbell, John L and Keeton, William S and Kennedy, Robert E},
  journal={Environmental Research Letters},
  volume={11},
  number={4},
  pages={045008},
  year={2016},
  publisher={IOP Publishing}
}
@article{veblen1994disturbance,
  title={Disturbance regime and disturbance interactions in a Rocky Mountain subalpine forest},
  author={Veblen, Thomas T and Hadley, Keith S and Nel, Elizabeth M and Kitzberger, Thomas and Reid, Marion and Villalba, Ricardo},
  journal={Journal of Ecology},
  pages={125--135},
  year={1994},
  publisher={JSTOR}
}
@article{satake2007coupled,
  title={Coupled ecological--social dynamics in a forested landscape: Spatial interactions and information flow},
  author={Satake, Akiko and Leslie, Heather M and Iwasa, Yoh and Levin, Simon A},
  journal={Journal of theoretical biology},
  volume={246},
  number={4},
  pages={695--707},
  year={2007},
  publisher={Elsevier}
}
@misc{aphis,
title={Risk Assessment of the Movement of Firewood within the United States},
author={{United States Department of Agriculture Animal and Plant Health Inspection Service}},
url={https://www.aphis.usda.gov/import_export/plants/plant_imports/firewood/firewood_pathway_assessment.pdf},
year={2011}
}
@misc{omns,
title={Are you moving firewood? Important information you should read},
author="{Ontario Ministry of Natural Resources}",
url={http://www.mnr.gov.on.ca/en/Business/Forests/2ColumnSubPage/STEL02_167014.html},
year={2011}
}
@article{bentz2010climate,
  title={Climate change and bark beetles of the western United States and Canada: direct and indirect effects},
  author={Bentz, Barbara J and R{\'e}gni{\`e}re, Jacques and Fettig, Christopher J and Hansen, E Matthew and Hayes, Jane L and Hicke, Jeffrey A and Kelsey, Rick G and Negr{\'o}n, Jose F and Seybold, Steven J},
  journal={BioScience},
  volume={60},
  number={8},
  pages={602--613},
  year={2010},
  publisher={American Institute of Biological Sciences Circulation, AIBS, 1313 Dolley Madison Blvd., Suite 402, McLean, VA 22101. USA}
}
@article{powell1996local,
  title={Local projections for a global model of mountain pine beetle attacks},
  author={Powell, James A and Logan, Jesse A and Bentz, Barbara J},
  journal={Journal of Theoretical Biology},
  volume={179},
  number={3},
  pages={243--260},
  year={1996},
  publisher={Elsevier}
}
@book{safranyik2007mountain,
  title={The mountain pine beetle: a synthesis of biology, management and impacts on lodgepole pine.},
  author={Safranyik, Les and Wilson, Bill and others},
  year={2007},
  publisher={Canadian Forest Service}
}


@inproceedings{alfaro2003dendroecological,
  title={Dendroecological reconstruction of mountain pine beetle outbreaks in the Chilcotin Plateau of British Columbia},
  author={Alfaro, Ren{\'e} I and Campbell, Rochelle and Vera, Paula and Hawkes, Brad and Shore, Terry L and others},
  booktitle={Mountain Pine Beetle Symposium: Challenges and solutions. TL Shore, JE Brooks, and JE Stone (editors). Kelowna, BC},
  pages={245--256},
  year={2003}
}
@article{jacobi2011firewood,
  title={Firewood transport by national and state park campers: a risk for native or exotic tree pest movement},
  author={Jacobi, WR and Goodrich, BA and Cleaver, CM and others},
  journal={Arboriculture and Urban Forestry},
  volume={37},
  number={3},
  pages={126},
  year={2011}
}
@article{jacobi2012retail,
  title={Retail firewood can transport live tree pests},
  author={Jacobi, William R and Hardin, JG and Goodrich, BA and Cleaver, CM},
  journal={Journal of economic entomology},
  volume={105},
  number={5},
  pages={1645--1658},
  year={2012},
  publisher={Oxford University Press Oxford, UK}
}
@article{cappaert2005emerald,
  title={Emerald ash borer in North America: a research and regulatory challenge},
  author={Cappaert, David and McCullough, Deborah G and Poland, Therese M and Siegert, Nathan W},
  journal={American Entomologist. 51 (3): 152-165.},
  volume={51},
  number={3},
  year={2005}
}
@article{allen2002nonindigenous,
  title={Nonindigenous species introductions: a threat to Canada's forests and forest economy1},
  author={Allen, EA and Humble, LM},
  journal={Canadian Journal of Plant Pathology},
  volume={24},
  number={2},
  pages={103--110},
  year={2002},
  publisher={Taylor \& Francis}
}
@article{pimentel2005update,
  title={Update on the environmental and economic costs associated with alien-invasive species in the United States},
  author={Pimentel, David and Zuniga, Rodolfo and Morrison, Doug},
  journal={Ecological economics},
  volume={52},
  number={3},
  pages={273--288},
  year={2005},
  publisher={Elsevier}
}

@article{liu2011simulating,
  title={Simulating the impacts of disturbances on forest carbon cycling in North America: Processes, data, models, and challenges},
  author={Liu, Shuguang and Bond-Lamberty, Ben and Hicke, Jeffrey A and Vargas, Rodrigo and Zhao, Shuqing and Chen, Jing and Edburg, Steven L and Hu, Yueming and Liu, Jinxun and McGuire, A David and others},
  journal={Journal of Geophysical Research: Biogeosciences},
  volume={116},
  number={G4},
  year={2011},
  publisher={Wiley Online Library}
}
@article{duncan2015model,
  title={A model for mountain pine beetle outbreaks in an age-structured forest: Predicting severity and outbreak-recovery cycle period},
  author={Duncan, Jacob P and Powell, James A and Gordillo, Luis F and Eason, Joseph},
  journal={Bulletin of mathematical biology},
  volume={77},
  number={7},
  pages={1256--1284},
  year={2015},
  publisher={Springer}
}
@article{keyfitz1997mckendrick,
  title={The McKendrick partial differential equation and its uses in epidemiology and population study},
  author={Keyfitz, Barbara Lee and Keyfitz, Nathan},
  journal={Mathematical and Computer Modelling},
  volume={26},
  number={6},
  pages={1--9},
  year={1997},
  publisher={Elsevier}
}
@article{bentz2010climate,
  title={Climate change and bark beetles of the western United States and Canada: direct and indirect effects},
  author={Bentz, Barbara J and R{\'e}gni{\`e}re, Jacques and Fettig, Christopher J and Hansen, E Matthew and Hayes, Jane L and Hicke, Jeffrey A and Kelsey, Rick G and Negr{\'o}n, Jose F and Seybold, Steven J},
  journal={BioScience},
  volume={60},
  number={8},
  pages={602--613},
  year={2010},
  publisher={American Institute of Biological Sciences Circulation, AIBS, 1313 Dolley Madison Blvd., Suite 402, McLean, VA 22101. USA}
}
@article{koch2014using,
  title={Using a network model to assess risk of forest pest spread via recreational travel},
  author={Koch, Frank H and Yemshanov, Denys and Haack, Robert A and Magarey, Roger D},
  journal={PloS one},
  volume={9},
  number={7},
  pages={e102105},
  year={2014},
  publisher={Public Library of Science}
}
@article{ali2015coupled,
  title={Coupled Human-Environment Dynamics of Forest Pest Spread and Control in a Multi-Patch, Stochastic Setting},
  author={Ali, Qasim and Bauch, Chris T and Anand, Madhur},
  journal={PloS one},
  volume={10},
  number={10},
  pages={e0139353},
  year={2015},
  publisher={Public Library of Science}
}
@article{seidl2017forest,
  title={Forest disturbances under climate change},
  author={Seidl, Rupert and Thom, Dominik and Kautz, Markus and Martin-Benito, Dario and Peltoniemi, Mikko and Vacchiano, Giorgio and Wild, Jan and Ascoli, Davide and Petr, Michal and Honkaniemi, Juha and others},
  journal={Nature climate change},
  volume={7},
  number={6},
  pages={395},
  year={2017},
  publisher={Nature Publishing Group}
}